3800 5342
849 389 2279 502 SS.J03N1sE·r1³Au1.1.
2647 415 2809 498 277

280 558 363 620 tu
414 539 535 619 SS.
588 539 899 640 Joannis
951 541 1023 620 8<
1078 538 1361 636 Pauli,
1410 538 1599 618 olim
1653 538 1880 619 ereffi
1935 566 1961 635 3
2032 541 2241 640 cujus
2294 542 2690 643 privilegia
2743 567 2943 622 anno

281 641 637 719 MDxxv1
658 670 718 719 1.
772 640 891 721 die
946 664 1118 719 xxv.
1171 638 1504 740 Januarii
1545 640 1898 720 concessit
1953 642 2387 721 Franciscus
2417 645 2763 724 Silvester
2805 646 2945 722 Or-

280 740 476 821 dinis
529 740 1106 822 Praedicatorum
1162 738 1555 820 Generalis
1598 740 2002 842 Magister.
2057 743 2233 821 Hoc
2286 761 2540 821 autem
2597 768 2690 823 ex
2742 767 2944 843 rege-

275 838 401 919 stis
445 841 767 920 Archivi
821 840 1225 923 innotescit
1269 868 1295 937 3
1368 842 1824 922 Generalem
1898 842 2210 923 Ordinis
2267 842 2640 943 Magistro
2693 842 2944 921 studii

268 941 299 1040 (
349 944 774 1041 Regentem
828 944 1057 1023 modo
1109 962 1386 1024 vocant
1441 945 1468 1041 )
1521 942 1603 1022 in
1645 942 2038 1025 Coenobio
2091 944 2551 1043 SS.Joannis
2604 942 2677 1021 8<
2733 941 2948 1020 Pauli

273 1045 704 1139 mandasse,
758 1064 842 1123 ut
895 1045 1201 1141 juvenes
1255 1042 1676 1143 Religiosos
1728 1043 2081 1145 diligenti
2131 1042 2547 1161 praehabito
2599 1042 2951 1157 examine

271 1144 363 1217 ad
418 1142 729 1225 formale
782 1144 1109 1224 studium
1159 1144 1591 1225 mittendos
1643 1145 1988 1247 seligeret
2038 1200 2068 1243 ‚
2132 1146 2326 1245 ipsos
2383 1169 2475 1222 ue
2550 1143 2821 1220 deinde
2867 1167 2953 1219 m

269 1238 490 1321 saeris
542 1245 782 1325 literis
832 1245 1167 1328 eruditos
1220 1244 1566 1325 Lestores
1616 1246 2039 1326 institueret
2084 1303 2102 1324 .
2177 1246 2289 1326 Ut
2403 1270 2504 1324 aec
2554 1241 2950 1323 Generalis

271 1340 625 1441 Magistri
696 1347 994 1427 decreta
1047 1346 1179 1426 fibi
1231 1347 1614 1426 commissa
1668 1366 2164 1450 exequeretur
2203 1401 2231 1443 ‚
2305 1346 2452 1424 hoe
2506 1342 2753 1443 sigillo
2808 1340 2952 1421 for-

275 1443 451 1521 tasse
506 1442 856 1524 utebatur
916 1448 1163 1526 Studii
1205 1449 1508 1550 Regens
1549 1504 1577 1548 ,
1646 1475 1798 1552 quo
1851 1447 2389 1527 testimoniales
2441 1444 2730 1523 Literas
2782 1440 2955 1518 alia-

270 1561 428 1655 flue,
476 1542 550 1619 id
603 1544 896 1645 generis
917 1547 1370 1634 documenta
1422 1549 1798 1653 fignabat.
1853 1550 2262 1633 Enuntiati
2300 1546 2526 1650 figilli
2569 1541 2953 1645 exemplat

271 1641 602 1724 mersum
654 1644 1175 1732 exhibemus.·

2528 4435 2600 4533 J
2604 4425 2860 4508 acobus
