3800 5342
1300 387 1389 469 399

158 509 396 594 ombdolibet
421 509 636 591 molestanti
661 509 775 613 plene
800 506 1039 604 defenderet,
1062 509 1315 610 impetrarat.
1339 511 1456 591 Con·

122 614 279 698 imiliter
305 613 422 692 etiam
448 612 689 711 elegeritrice
714 610 1101 710 responditdicendo,
1126 612 1244 710 ipsam
1270 611 1351 691 cito
1371 613 1449 690 bue

109 737 307 796 venturam
332 736 422 792 curn
447 714 586 812 quibus
610 711 852 790 Dominabus
872 711 1127 790 attinentibus
1145 712 1193 789 de
1220 713 1335 792 domo
1360 713 1451 791 Mo·

109 817 281 915 amigo,
316 835 359 893 ut
384 838 474 893 cum
500 838 549 892 ea
580 810 721 913 paritet
745 812 943 912 praesentes
977 811 1135 890 existant
1160 811 1203 890 in
1235 813 1454 912 receptione

111 917 217 997 iliius
242 914 372 1015 gratia
397 939 461 1013 pet
486 938 549 992 tue
575 913 723 997 tamdiu
745 909 987 991 desideratae.
1015 913 1066 991 Et
1093 913 1184 989 dum
1211 910 1259 992 fic
1285 914 1455 1011 loquere·

111 1042 197 1097 mur
220 1015 268 1095 ad
292 1014 487 1112 invicem,
511 1038 600 1094 ecce
625 1037 673 1092 ea
699 1013 853 1094 aduerso
881 1011 1011 1093 Mater
1040 1011 1194 1092 veniens
1219 1038 1308 1093 cum
1320 1013 1456 1094 Comi·

110 1120 191 1197 tiva
216 1114 486 1217 praefatarum,
520 1116 559 1194 8<
584 1114 730 1194 exalia
756 1134 863 1217 parte
888 1116 986 1193 Ven.
1009 1113 1126 1201 Soror
1162 1113 1317 1194 Matina
1342 1115 1457 1212 Supe-

111 1216 266 1312 rancio,
291 1219 338 1295 de
362 1216 555 1318 quasupra
577 1216 617 1294 itt
643 1218 718 1297 hoc
743 1212 975 1317 capitenata
1001 1213 1053 1294 est
1078 1216 1250 1311 mentio,
1274 1239 1363 1294 cum
1377 1215 1458 1292 Do·

112 1319 217 1400 mina
240 1317 511 1399 Maddaluccia
535 1317 777 1397 Maurooeno
802 1315 878 1397 stbi.
895 1316 939 1396 in
966 1314 1122 1395 Christo
1150 1314 1395 1410 charissimis,
1420 1314 1460 1394 aa

110 1420 216 1499 aliis.
242 1418 295 1497 Et
314 1443 522 1500 occurrens
544 1417 740 1519 egodisiae
752 1417 898 1513 Matri,
926 1418 1141 1518 habensque
1152 1416 1388 1516 colloquiunt
1411 1416 1459 1494 ad

111 1540 257 1618 partem
283 1542 374 1599 cum
399 1518 475 1620 ipsa
501 1574 516 1615 ‚
550 1519 722 1615 omnia,
756 1544 839 1620 quae
866 1516 965 1596 mihi
991 1544 1055 1621 per
1081 1518 1200 1596 liliam
1235 1517 1354 1596 relata
1382 1514 1458 1593 sue·

109 1641 227 1715 runt,
251 1618 518 1717 confirmavit,
541 1620 739 1721 mihique,
765 1640 812 1698 ut
837 1619 994 1719 praeseus
1018 1622 1103 1697 esset
1124 1640 1236 1697 tanta
1258 1612 1458 1711 devotioni

109 1744 200 1798 cum
227 1718 412 1820 praesatis,
437 1744 520 1822 qua
545 1741 754 1817 venerant,
779 1719 989 1815 iudicavit3
1016 1720 1069 1799 ita
1095 1739 1247 1820 propter
1267 1716 1369 1819 quod
1395 1722 1470 1801 mei

111 1820 239 1899 secum
264 1819 506 1901 conformans
531 1821 716 1902 subintuli
744 1850 753 1900 :
780 1821 886 1901 Bona
913 1822 1045 1899 Mater
1068 1820 1160 1921 quid
1185 1818 1323 1898 scimus
1350 1841 1458 1912 nos,

111 1918 234 1997 forsan
259 1920 360 2019 quod
387 1920 464 2034 ipse
486 1921 543 2000 est
568 1923 648 2002 cito
673 1922 719 1999 ad
732 1921 948 2000 Dominum
971 1921 1200 2020 migratura,
1227 1919 1268 1996 in
1296 1920 1369 1999 hoc
1393 1941 1455 1995 ne·
1536 1926 1560 1959 ³

112 2018 234 2101 sciens
259 2019 351 2120 quid
376 2021 566 2116 dicerem,
590 2048 682 2103 cum
710 2022 788 2121 ejus
814 2020 1025 2123 oppostum
1046 2037 1302 2121 peroptarem:
1326 2016 1459 2096 &imo

112 2122 258 2199 bonum
285 2119 357 2199 erit
383 2143 586 2225 antequam
613 2124 799 2218 transeat,
825 2145 869 2202 ut
894 2124 1045 2202 cleram
1070 2119 1239 2221 ingentis
1264 2116 1458 2212 defructu,

110 2220 162 2335 lit..
174 2218 308 2300 tanuae
333 2221 551 2303 devotionis
577 2224 762 2324 petitione
787 2224 1010 2303 exaudiatur
1034 2247 1057 2300 a
1084 2221 1217 2315 nobie,
1242 2221 1280 2298 8(
1310 2218 1349 2296 in
1378 2220 1458 2296 Do·

111 2344 220 2401 mino
245 2322 497 2403 consoletur.
533 2323 643 2403 Licet
668 2325 786 2403 etiam
814 2344 908 2405 tunc
934 2323 1031 2419 mihi
1058 2341 1308 2416 occurreret,
1343 2342 1458 2419 quare

110 2422 431 2521 quemadmodum
468 2424 644 2505 Domino
680 2425 884 2527 inspirante
911 2426 1027 2505 Beata
1062 2424 1240 2516 Ursulo,
1276 2421 1313 2508 8t
1347 2419 1460 2498 Beata

112 2521 340 2602 Constantia
362 2524 612 2625 SS.Joattnis‚
637 2526 675 2604 ἃ
703 2525 810 2605 Pausi
837 2526 1009 2605 Domina
1036 2526 1185 2626 plenam
1214 2520 1391 2602 fiduciam
1413 2519 1460 2598 de

111 2623 365 2707 conservanda
390 2624 613 2725 virginitate
639 2626 824 2704 habentes
850 2627 891 2702 in
918 2626 1126 2721 Domino,
1151 2628 1198 2703 de
1224 2620 1459 2722 suscipiendo

112 2723 199 2801 viro
225 2721 461 2802 sermonibus
486 2724 778 2815 consenserunt3
805 2724 859 2801 ita
884 2724 1014 2804 &bec
1040 2724 1375 2802 matrimonialiter
1396 2748 1458 2800 co·

109 2824 241 2922 pulata
264 2871 278 2918 ,
302 2846 517 2923 quanquam
545 2850 625 2904 nou
651 2823 928 2917 interveniente
953 2826 1135 2904 consensu
1154 2822 1237 2917 *uiri
1264 2822 1378 2924 hunc¹
1395 2822 1459 2899 ha·

111 2922 236 3001 bitum
264 2922 491 3023 postularet,
517 2923 559 3005 iu
576 2948 736 3006 omnem
762 2938 1084 3004 tameuevenrum
1110 2923 1202 3002 fides
1219 2945 1298 3002 erat
1323 2921 1459 2999 inDo·

110 3022 242 3119 minu,
266 3024 369 3126 quod
395 3047 441 3103 ex
469 3026 545 3106 buc
570 3024 630 3104 vir
655 3025 742 3104 suus
766 3052 789 3104 a
813 3026 949 3125 quovit
975 3026 1152 3105 scandalo
1178 3023 1461 3137 prasetvapetur

26 3168 29 3173 ·
112 3125 294 3206 omniuo.
322 3124 429 3205 Sicut
454 3124 643 3208 &salium
669 3124 744 3205 est.
771 3126 834 3206 Sic
859 3151 952 3228 ergo
978 3126 1158 3206 omnibus
1182 3121 1342 3227 praesatis
1367 3146 1459 3202 curu
1478 3202 1499 3217 a

114 3250 195 3304 ¹¹⁰⁰
221 3250 337 3325 Pflrvo
364 3226 510 3327 stupore
530 3226 692 3324 auditis,
718 3227 948 3325 intelleliis,
970 3227 1008 3307 8(
1029 3225 1139 3323 vifis,
1165 3224 1286 3305 veluti
1313 3220 1460 3301 ex‘otu·
1585 3253 1589 3255 ’

114 3327 290 3427 ui'parte
314 3331 567 3426 compulsus,
598 3328 766 3429 sumpto.
784 3328 920 3409 libello
944 3383 960 3425 ‚
994 3329 1033 3407 ac
1057 3326 1143 3406 aliis
1180 3323 1387 3406 necessariis
1412 3322 1461 3401 ad

112 3453 241 3527 opus,
276 3427 406 3508 acceffi
433 3429 572 3529 pariter
596 3454 685 3508 cum
713 3430 896 3510 omnibus
926 3428 1143 3529 supradictis
1170 3425 1380 3517 Pedonis,
1414 3448 1460 3503 ac

113 3528 230 3607 etiarn
256 3528 371 3609 certic
395 3530 592 3611 fratribus
615 3529 767 3611 sociatis
800 3531 847 3609 ad
873 3530 1081 3633 Capellam.
1101 3526 1228 3607 Sancti
1257 3524 1460 3606 Dominici

112 3627 287 3709 Ecclesia
313 3626 374 3708 SS.
403 3630 582 3728 loannis,
607 3630 645 3710 8<
672 3631 782 3710 Pauli
807 3631 1053 3733 contiguam,
1079 3652 1168 3709 com
1201 3628 1272 3726 jam
1300 3624 1461 3728 pulsare·

112 3750 176 3808 tur
202 3732 247 3808 ad
274 3731 465 3831 vesperae,
493 3733 890 3832 imploratimplorat
917 3733 1050 3833 spiritu
1074 3729 1298 3833 ptophetico
1324 3721 1462 3803 diserta

111 3830 260 3908 Christi
287 3831 455 3933 superius
482 3832 701 3933 praedixerat
727 3832 808 3912 sote
834 3831 1032 3912 dediuioae
1059 3831 1299 3932 beneplacito
1315 3825 1462 3919 ,volun-

114 3931 224 4013 tatis.
251 3932 305 4011 Et
330 3957 473 4032 ponens
500 3959 561 4014 me
573 3938 677 4013 ‘onte
703 3935 840 4013 Altaee
863 3933 1200 4034 prmsataessapelloe
1227 3925 1358 4011 stando
1382 3936 1463 4000 ver'·

115 4032 152 4109 sa
178 4030 273 4113 socie
301 4035 426 4114 versus
452 4061 596 4116 eorum.
612 4034 758 4115 accellit
785 4033 921 4112 disesia
950 4033 1112 4114 Domini
1149 4055 1277 4113 coram
1305 4047 1371 4103 me
1398 4022 1464 4097 hu·

116 4133 261 4215 mlliter
286 4135 546 4238 minuentem
565 4192 587 4232 ‚.
616 4161 671 4214 ac.
687 4135 934 4215 inmunibus
965 4134 1136 4213 deserens
1160 4157 1226 4233 per
1253 4127 1376 4228 ipsam
1405 4120 1468 4195 ha·

118 4232 244 4314 bitum
269 4236 531 4334 induendum,
556 4238 619 4317 sed
643 4254 710 4338 pet
733 4235 909 4336 meptiur
936 4233 1202 4317 benedilium.
1229 4232 1329 4331 Quo
1357 4223 1467 4299 benev

118 4334 357 4420 liticinum
384 4330 521 4427 multi
542 4338 611 4422 fibi
630 4336 865 4469 uestkudutn
892 4335 1078 4418 seorsum.
1105 4337 1236 4435 Quem
1262 4347 1361 4410 curn
1383 4338 1469 4496 tran·
