3800 5342
733 362 754 415 N.

1311 458 1390 546 τος

90 679 92 682 y
132 581 148 615 ·'
165 579 214 665 In
236 556 691 681 supradlssaslmmediare
717 577 827 658 litera
852 589 980 659 narrat
1006 578 1231 663 Procurator
1258 587 1450 685 Ordinis,

33 768 34 771 p
144 676 285 758 u'allrer'
301 674 394 758 feeit
417 676 657 760 committere
687 680 834 758 causam
862 680 1077 781 supradidae
1101 684 1219 765 litera
1246 687 1450 802 impetran-

142 780 400 880 a'rlupriltlidlb
418 781 603 885 ΙῙῖοιιὴἰειο
627 781 826 860 Cardinali
854 780 1043 861 Hosticnst
1068 784 1114 863 de
1136 786 1348 867 florentia.
1376 788 1450 869 Sed
1496 800 1498 803 ’

115 880 574 979 apradatuoultnhaus
603 883 829 1057 Mppnania,
864 882 911 960 tle
937 888 1015 983 qu'o
1037 884 1324 998 ‘pluriessupta
1351 887 1446 969 fasta

115 980 162 1057 ell
188 982 476 1075 mentientem
491 982 643 1060 ‘redisset
661 1042 664 1046 a

113 1072 513 1177 medfis-Mdll,''mlhi
534 1083 701 1163 narrauit
727 1083 883 1162 oraculo
900 1082 1007 1162 'vive
1036 1110 1142 1165 vocas
1164 1087 1358 1185 medtuur,
1383 1115 1449 1190 per

111 1182 205 1296 duod
227 1181 357 1262 'didius
383 1187 606 1262 Procurator
631 1183 841 1280 obtinuit,
877 1186 979 1284 quud
1006 1185 1113 1264 fieret
1138 1187 1449 1271 committerer.
1515 1224 1518 1230 ·

113 1300 159 1361 tre
184 1281 396 1383 supradidso
421 1283 596 1362 Domino
622 1284 820 1364 Cardinali
845 1285 1055 1380 Hollienfiq
1081 1288 1119 1365 8r
1148 1293 1221 1367 hoc
1247 1313 1315 1389 per
1343 1291 1448 1377 hunc

111 1382 263 1461 modurn
292 1438 303 1477 ,
342 1383 520 1483 videl-icet
543 1413 556 1462 ιε
593 1385 699 1463 Ctim
726 1386 812 1465 vale
837 1384 998 1464 fecissem
1025 1395 1040 1482 ᾗ
1065 1387 1190 1489 inquit
1217 1390 1315 1468 mihi
1343 1394 1448 1475 Mat·

110 1483 268 1580 thaus,'‘
278 1486 452 1564 Domino
480 1486 604 1565 nostro
631 1482 736 1586 Papa
749 1487 1216 1582 tennemonn-rediturus
1241 1492 1448 1590 Veneriam

113 1587 408 1664 tunc‘occurrit
440 1586 538 1664 mihi
576 1582 623 1666 de
660 1589 817 1688 negotio
850 1587 979 1667 vestras
1009 1589 1128 1667 litera
1167 1592 1451 1693 impetrandae,

694 983 964 1062 enetiaseirca
991 985 1221 1100 principium
1245 988 1447 1102 supradidii
1485 1013 1494 1029 ¹
1569 1072 1572 1077 ,

107 1687 201 1785 quod
230 1682 658 1783 mihtttarinstanrer·,'
686 1687 883 1768 &seriose
909 1676 1352 1772 recommendaveratis.
1390 1696 1444 1779 Et
1568 1693 1572 1702 ’

107 1788 277 1866 solentes
304 1788 395 1865 scire
421 1843 434 1883 ,
459 1784 666 1890 antequam
689 1789 736 1868 de
762 1789 887 1868 Roma
913 1790 1174 1888 discederem,
1208 1795 1375 1894 qualiter
1401 1823 1442 1878 se

107 1885 286 1966 habuisset
312 1889 349 1967 bt
379 1891 532 1968 haberet
550 1888 713 1989 ,diuum
737 1891 938 1990 'negotium
976 1892 1077 1971 circa
1103 1892 1252 1972 literam
1280 1895 1443 1997 supradi-

104 1985 218 2083 dlam,
246 1989 374 2068 accessi
402 2006 515 2093 eques
536 1992 587 2069 nd
614 1991 865 2077 Contentum
881 1990 1072 2070 Minerva
1095 1996 1139 2071 ad
1154 1997 1444 2081 Procuratorem

104 2088 281 2186 Ordinis,
306 2090 372 2191 qui
386 2091 527 2169 ibidem
555 2090 792 2169 residentiam
806 2090 988 2170 faciebat.
1015 2093 1183 2172 Etcum
1203 2098 1442 2198 reperissem,

101 2190 264 2364 paralitet
288 2192 386 2271 circa
415 2193 452 2271 id
479 2192 684 2294 processum
706 2191 851 2287 suerat,
878 2192 1112 2294 interrogavi
1126 2196 1441 2295 Procuratorem,

113 2306 126 2363 t
152 2291 240 2397 esset
265 2292 364 2383 circa
391 2294 429 2372 id
451 2294 605 2397 aliquod
625 2292 728 2371 aliud
748 2292 984 2389 remedium,
1012 2318 1077 2395 per
1104 2320 1165 2373 me
1187 2296 1359 2397 possibile
1379 2299 1441 2379 'ad-

104 2388 220 2469 hiberi
246 2449 258 2487 ,
284 2396 373 2494 quia
400 2397 444 2474 atl
473 2414 598 2491 totum
623 2420 726 2476 eram
756 2415 937 2495 paratust
964 2394 1012 2474 7&
1039 2398 1140 2496 quod
1167 2397 1290 2475 redire
1319 2400 1441 2480 Verre·

103 2489 168 2568 tias
194 2493 372 2574 decenter
400 2524 476 2576 non
497 2520 690 2599 poteram,
716 2497 784 2575 nisa
811 2498 921 2575 vobis
947 2497 1093 2598 aliquid
1112 2496 1350 2599 singulariter
1369 2501 1447 2580 cin

102 2616 141 2669 ca
168 2592 229 2690 id,
257 2597 319 2673 vel
344 2599 517 2676 totaliter
543 2598 707 2694 fadum,
734 2599 1056 2698 representarem.
1085 2599 1201 2679 Tunc
1214 2602 1441 2682 Procurator

102 2690 195 2795 dian
224 2688 322 2772 mihi
349 2752 363 2793 ,
399 2700 515 2799 Quod
545 2701 679 2776 modus
702 2699 828 2793 esset,
864 2699 1073 2778 utiterum
1102 2701 1217 2779 tertio
1247 2702 1442 2783 Dominus

103 2794 223 2873 noller
252 2797 349 2895 Papa
375 2798 632 2875 committeret
659 2797 765 2875 istam
792 2798 941 2875 causam
968 2799 1035 2875 uni
1062 2798 1327 2880 Cardinalium
1350 2860 1359 2879 .
1386 2806 1442 2884 At

102 2914 189 2992 ego:
219 2895 305 2993 quis
332 2895 482 2973 'videtur
510 2897 618 2974 uobis
637 2897 689 2974 ad
718 2899 792 2974 hoc
819 2897 1157 2996 magisidoneus?
1183 2901 1233 2977 Et
1262 2902 1439 2979 Procura-

102 3014 156 3071 tor
178 2995 398 3094 'respondit-r
422 2997 578 3094 Credo,
604 2997 706 3096 qaod
726 2995 1159 3077 Cardinalisllostiensrs
1185 2999 1272 3076 elbt
1295 3001 1439 3079 bonus.

104 3093 219 3181 Tuhc'
240 3095 386 3195 'egoafi
414 3096 461 3174 lic
489 3096 563 3193 est,
589 3099 673 3199 Ego
699 3098 711 3175 l
766 3122 831 3175 uar
858 3096 1036 3175 Domino
1062 3097 1186 3175 nostro
1199 3099 1304 3200 Papa
1331 3100 1441 3201 super

102 3193 196 3293 hoc,
223 3218 425 3298 antequam
455 3198 639 3277 distedam
662 3198 709 3277 de
777 3198 880 3290 uriat
907 3196 943 3277 8<
970 3200 1051 3275 sutn
1079 3222 1229 3294 bertus,
1254 3201 1359 3301 quod
1389 3200 1438 3280 sa-

102 3294 171 3374 ciet
201 3296 318 3375 istud.
344 3300 396 3376 Et
424 3300 499 3378 hoc
525 3296 650 3395 diuo,
675 3298 903 3378 valefaciens
924 3299 1188 3396 Procuratori,
1215 3300 1353 3380 iterum
1382 3328 1439 3383 re·

103 3395 152 3472 dii
179 3397 369 3501 srcfeques
395 3401 443 3478 ad
469 3399 683 3478 Dominum
713 3401 900 3483 nostrum.
927 3400 979 3476 Et
1008 3425 1158 3507 narrans
1185 3400 1286 3498 hbi,
1321 3403 1448 3504 quali»

104 3515 157 3574 ter
181 3501 361 3579 decenter
397 3526 474 3580 non
504 3520 672 3603 poteram
711 3503 831 3580 redire
860 3499 1078 3595 Venetia,
1114 3501 1180 3580 nist
1208 3526 1440 3605 reportarem

103 3598 161 3675 ve'l
189 3596 497 3700 impetrationem
526 3602 692 3699 fastam,
729 3603 790 3681 vel
818 3602 979 3697 fiendam
1006 3603 1052 3680 de
1080 3603 1293 3705 propinquo
1319 3605 1368 3685 de
1393 3606 1439 3699 li·

101 3703 241 3779 tera-'lh
271 3704 433 3792 radiens
461 3727 550 3782 tunc
578 3703 771 3781 Dominus
799 3700 899 3803 Papi
920 3728 1012 3783 cum
1040 3726 1206 3804 peteret,
1231 3707 1439 3807 quid-lien-

102 3798 217 3894 d't'trh',
293 3805 593 3905 “ego.dicerem‚
620 3807 766 3883 bonurn
786 3800 900 3899 sote,
925 3805 1027 3903 quod
1053 3807 1360 3887 committeretur
1385 3809 1440 3886 di-

101 3896 160 3977 dio
187 3903 383 3982 Cardinali
408 3904 617 4001 Hostienst,
646 3904 721 4003 ipse
748 3926 841 3983 tunc
869 3904 965 3981 mihi
988 3906 1179 4005 promisit,
1204 3909 1304 4007 quod
1332 3907 1439 3999 insal-
1540 3994 1556 4023 N

101 4000 259 4082 libilir'er
285 4005 339 4083 ita
366 4006 495 4101 fieret,
518 4005 740 4101 videlicet,
772 4005 1113 4105 quodcumrnilllo
1141 4008 1247 4086 fieret
1274 4008 1314 4084 ln
1342 4008 1438 4087 Car·

103 4100 263 4182 dinalem
293 4106 508 4207 praelatum.
536 4107 586 4184 Et
612 4104 661 4185 lic
690 4105 812 4208 postea
838 4104 977 4201 fabium
1006 4106 1081 4203 est,
1107 4107 1312 4186 secundum
1335 4107 1438 4210 quod

101 4199 275 4285 inrlitera
302 4208 522 4287 immediate
544 4208 750 4310 supradieta
770 4235 793 4286 a
814 4209 1062 4286 Procuratore
1084 4229 1257 4286 narratur
1282 4261 1296 4304 ,
1322 4235 1438 4309 quam

101 4324 168 4405 ego
193 4308 324 4388 Frater
352 4311 524 4390 Thomas
548 4309 597 4390 de
624 4310 730 4395 Senis
755 4309 880 4410 recepi
907 4307 1104 4387 modicum
1141 4307 1243 4410 prius
1270 4312 1437 4392 reditum

164 4422 173 4461 ¹
194 4414 302 4488 Tam.
328 4416 405 4489 Vll.
958 4410 997 4484 0
1298 4408 1388 4489 diui
