3800 5342
527 393 612 476 242
763 366 865 449 De
927 358 1494 442 Monesi-atero

467 518 618 598 Fratres
645 508 909 593 Pradicatores
928 511 1212 612 prosequeretur
1237 563 1250 604 ‚
1284 528 1545 624 quantumque
1566 505 1729 607 ipsorum
1751 509 1799 606 iu

459 619 571 698 dicio
595 616 794 710 deferret,
830 635 878 691 ex
911 611 1133 690 authentico
1161 609 1351 688 Tarvistni
1379 609 1540 687 Archtvi
1566 611 1796 690 documento

461 720 686 812 noscimus,
719 739 809 796 cum
836 713 940 792 enim
968 713 1103 793 sarculo
1130 713 1236 791 Xill.
1262 730 1426 790 exeunte
1453 711 1551 788 inter
1576 711 1797 791 Commune
1883 762 1884 811 ;

457 806 622 903 'servisti
649 841 696 896 ex
723 842 838 911 una,
871 816 909 894 8<
935 816 1157 895 Commune
1185 814 1433 893 Veneriorum
1471 836 1518 891 ex
1543 812 1662 893 altera
1698 835 1796 929 parte
1883 824 1884 849 ¹

458 920 506 999 de
533 919 673 998 finibus
699 918 894 1018 utriusque
921 917 1079 996 ditionis
1103 916 1364 998 controversiae
1391 914 1564 1012 vigerent
1586 970 1599 1010 ‚
1625 913 1667 991 in
1695 940 1796 1014 qum

453 1044 532 1201 zue
558 1019 735 1099 Arbitros
759 1019 908 1119 Judiees
927 1019 1307 1121 eompromiserunt,
1332 1043 1495 1119 quorum
1523 1018 1616 1093 duos
1643 1016 1796 1094 Dux&

497 1147 682 1199 ommune
707 1122 982 1219 Venetiatum,
1008 1123 1101 1200 duos
1129 1119 1291 1199 Potestas
1314 1175 1327 1216 ‚
1350 1121 1388 1197 8(
1414 1119 1638 1196 Commune
1666 1117 1796 1194 Tarsi·

457 1224 529 1320 ni,
550 1222 728 1322 quintum
754 1248 845 1302 veto
871 1225 1054 1322 Ioannem
1077 1222 1123 1300 de
1135 1222 1337 1300 Odonibus
1349 1220 1672 1313 Cremonensem,
1702 1218 1795 1295 Prio

454 1347 517 1403 res
551 1327 831 1403 Conventuum
861 1328 1035 1405 Fratrum
1075 1323 1365 1403 Ptadicatorum
1404 1323 1451 1398 de
1479 1320 1649 1397 Veneriis
1687 1318 1726 1395 8(
1755 1319 1795 1395 de

458 1425 635 1504 Tarvisro
657 1481 670 1523 ‚
695 1428 742 1507 ad
767 1427 995 1507 dirimendas
1021 1426 1107 1507 lites
1133 1427 1330 1527 elegerunt
1356 1449 1456 1503 anno
1484 1423 1711 1501 Mecaxxxt.
1739 1421 1795 1499 die

458 1550 553 1608 vero
578 1527 739 1627 Augusti
766 1530 875 1608 v111.
903 1531 1010 1632 (C).

510 1630 629 1706 Anno
658 1628 836 1708 Mccvrc.
864 1632 910 1710 de
936 1629 1155 1731 ampliando
1180 1630 1355 1708 Fratrum
1390 1625 1685 1705 Praedicatorttm
1715 1618 1791 1699 Mo

457 1728 620 1808 nasterio
647 1731 709 1807 lex
736 1733 811 1810 lata
836 1731 908 1811 suit
934 1731 977 1810 in
1001 1731 1327 1827 MajoriConsrlio
1354 1727 1414 1811 his
1440 1728 1589 1825 verbis,
1613 1736 1793 1827 quamsi

458 1830 609 1912 Codice
635 1824 775 1934 Pilosus
802 1854 1023 1936 nuncupato
1049 1833 1295 1915 exhibemus:

455 2030 533 2112 Die
559 2059 618 2132 27.
642 2031 838 2112 Februarii
864 2034 1160 2115 Mchxxxxrrr.
1188 2035 1204 2135 (
1215 2058 1312 2112 more
1332 2036 1498 2125 Veneto,
1525 2030 1686 2132 adeoque
1709 2048 1791 2105 antro

640 2135 826 2215 communi
840 2146 876 2240 J
878 2133 1004 2216 uliano
1035 2135 1171 2240 1294.)
1193 2144 1241 2214 Iu
1267 2133 1410 2235 Majori
1435 2127 1613 2236 Confido.

453 2361 459 2369 ·
507 2332 662 2414 “Item
697 2337 801 2439 quod
827 2339 976 2420 Fratres
1002 2339 1268 2420 Praedieatores
1305 2336 1438 2441 potunt
1465 2333 1648 2436 ampliare
1674 2308 1799 2412 locunt¹
1882 2366 1884 2391 2

456 2486 485 2532 „
509 2433 619 2513 suum
647 2441 774 2517 versus
801 2438 1061 2538 Murranum,
1098 2465 1216 2543 usque
1242 2441 1288 2518 ad
1316 2440 1459 2518 tedium
1495 2437 1691 2515 tramitem
1719 2432 1791 2509 ilio
1883 2456 1884 2499 4

457 2559 597 2633 „rum
623 2538 669 2617 de
696 2536 777 2617 cha
802 2536 985 2639 d’Asnn,
1011 2540 1076 2643 qui
1105 2542 1189 2620 sunt
1217 2565 1264 2619 ex
1289 2540 1367 2621 alio
1401 2541 1517 2618 latete
1544 2563 1697 2636 acqua,
1721 2552 1792 2633 qua
1883 2608 1884 2617 χ

453 2686 483 2732 ‚‚
509 2634 682 2756 discurrit
710 2642 811 2758 inter
838 2640 933 2759 ipsos
946 2646 1117 2741 Fratres,
1143 2641 1437 2723 &Contradiam
1459 2642 1495 2720 S.
1507 2639 1698 2735 Matinae,
1722 2653 1793 2736 qut

452 2787 482 2836 ,‚
507 2739 705 2840 ampliatio
730 2762 804 2824 errt
829 2768 929 2827 circa
955 2746 1074 2848 passus
1101 2743 1279 2845 triginta.

1103 2901 1131 2946 „
1158 2844 1366 2928 Bernartius
1391 2844 1437 2924 de
1463 2839 1699 2923 Ambrofiis.

504 3038 677 3124 Fratrem
704 3045 879 3127 Plotium
906 3048 953 3129 de
978 3048 1158 3148 Verona,
1184 3051 1354 3130 Priorem
1382 3048 1612 3126 Conventus
1623 3043 1794 3117 Fratrum

452 3137 748 3223 Ptaedicatorum
776 3151 823 3226 de
854 3149 1027 3228 Veneriis
1054 3178 1154 3230 anno
1181 3180 1285 3251 1294
1298 3151 1435 3250 Operis
1464 3147 1575 3245 hujus
1600 3134 1794 3218 Tonlts

449 3262 533 3340 pag.
567 3270 647 3320 rra.
675 3246 749 3343 jam
774 3249 980 3344 dedimus,
1016 3275 1180 3355 eumque
1208 3255 1338 3331 testem
1366 3251 1428 3329 die
1456 3274 1517 3327 xx.
1547 3240 1679 3327 Martii
1711 3240 1795 3335 ejus·
1882 3316 1883 3325 p

451 3341 539 3417 dem
566 3345 657 3421 anni
684 3347 836 3427 adfuisse
864 3350 1128 3451 protulimus,
1154 3355 1306 3456 quando
1334 3352 1558 3431 Laurentius
1586 3339 1795 3425 Patriarcht
1882 3374 1883 3405 1

449 3441 648 3561 Gradensts
664 3447 830 3566 Fratrem
859 3454 1116 3535 Gullieimum
1144 3456 1374 3558 Episcopum
1393 3452 1646 3560 Equilinumh,
1674 3445 1724 3524 ab
1744 3459 1794 3519 ei·

414 3583 418 3589 ·
448 3560 810 3632 communicationis
839 3555 998 3633 vinculo
1025 3558 1209 3637 absolvit.

1881 3470 1883 3547 i

389 3662 393 3672 “
475 3746 478 3753 Ι
502 3646 619 3723 Anno
647 3648 858 3752 insequenti
886 3655 1033 3735 Christi
1062 3683 1199 3760 nempe
1227 3658 1645 3738 Memnoconvocara
1667 3648 1710 3727 in
1730 3645 1794 3757 hot

449 3739 688 3827 Monasterio
716 3755 867 3835 suerunt
894 3760 1098 3839 Generalia
1125 3761 1281 3840 Ordinis
1312 3761 1601 3839 Praedicarorum
1624 3748 1794 3831 Comitra
1873 3784 1882 3849 3

446 3842 517 3923 sub
556 3850 721 3931 Nicolao
749 3856 950 3936 Boccasmo
989 3863 1034 3939 de
1064 3862 1238 3939 Tarvisto
1274 3864 1393 3941 totius
1430 3857 1587 3940 Ordinis
1617 3839 1795 3933 Generosi

445 3940 658 4060 Magistro,
684 3957 749 4056 qui
780 3962 923 4061 pridem
945 3961 987 4041 in
1015 3962 1271 4042 hisClauiiris
1297 3989 1440 4043 annum
1469 3954 1707 4063 probationis
1726 3950 1797 4027 san·
1881 4010 1882 4045 3

432 4042 602 4156 Ιὗῖιίίῑῐιιε
631 4059 882 4160 transegerat,
909 4088 952 4143 ac
980 4065 1115 4143 deinde
1139 4064 1305 4147 Lediotis
1333 4090 1470 4145 munus
1494 4089 1556 4163 pet
1585 4062 1712 4160 piures
1738 4074 1795 4126 an·
1881 4110 1882 4115 ,

444 4168 515 4229 nos
552 4155 759 4240 doeiisirme
797 4188 1050 4262 exercuerat,
1088 4184 1179 4245 mox
1217 4169 1320 4246 inter
1350 4172 1385 4248 S.
1415 4170 1458 4244 R.
1488 4168 1532 4243 E.
1569 4153 1794 4241 Cardinales
1881 4152 1882 4211 ἰ

346 4334 349 4339 ,
443 4272 643 4360 epoptatus
677 4260 927 4347 Bibliotechae
968 4267 1057 4350 huic
1095 4272 1197 4349 duno
1235 4270 1336 4348 dedit
1363 4261 1557 4366 Speculum
1595 4248 1794 4364 Historiae

439 4340 861 4487 i'rnoenriissellovacen
876 4397 930 4472 ts,
954 4369 998 4453 in
1023 4393 1203 4476 quattuor
1214 4372 1381 4454 Codices
1407 4369 1677 4458 distributum,
1704 4384 1794 4461 qno
1880 4478 1881 4487 Ν

1653 4482 1745 4547 rum
