3800 5342
487 285 569 415 38a

415 458 563 541 radium
586 458 659 542 suit
684 461 728 541 itt
752 458 877 562 eapite
899 456 1071 561 quinto,
1102 453 1165 536 Ex
1188 454 1325 536 eudem
1351 450 1468 536 etiam
1494 454 1772 559 procedebat,

418 563 522 664 quod
547 563 742 665 genitores
768 586 839 663 pro
866 559 1010 639 viribus
1036 559 1081 637 in
1104 555 1283 638 Domino
1303 556 1579 657 confortabat,
1610 561 1651 640 8(
1676 586 1770 642 cunr

419 665 599 766 expedire
622 664 809 763 judicabat
836 661 932 766 ipsos
959 660 1123 740 fraterna
1147 659 1304 740 caritate
1315 658 1516 741 humiliter
1526 661 1766 763 corrigebat:

418 789 465 844 ac
489 786 571 845 tarn
595 765 679 869 ipsis
690 812 708 862 ,-
728 789 846 867 quam
868 762 957 844 aliis
980 762 1028 840 de
1051 762 1202 857 domo,
1228 760 1346 841 etiam
1372 786 1395 838 a
1422 781 1595 862 tempore
1611 780 1765 865 'germa-

419 890 590 962 narum,
615 867 654 946 8(
679 865 890 968 germani,
920 883 1037 966 prout
1057 885 1108 941 ex
1131 860 1247 943 sacris
1267 861 1601 964 praedicationibus
1626 862 1772 966 attigis-

418 965 473 1046 set
499 968 629 1049 salutis
655 967 801 1047 monita
826 967 995 1047 dulciter
1014 964 1220 1044 exhibebat
1242 1020 1254 1041 .
1279 962 1331 1042 Et
1357 989 1436 1046 non
1461 965 1585 1044 solum
1612 969 1770 1044 consan«

418 1066 571 1168 guineit
594 1069 838 1150 venientibus
864 1067 906 1147 in
931 1068 1052 1146 domo
1075 1065 1177 1146 idem
1201 1063 1386 1162 faciebat,
1410 1065 1600 1146 sedetiam
1610 1066 1771 1146 existen·

418 1168 524 1250 tibus
549 1194 571 1248 a
597 1171 758 1252 remotis·
780 1193 902 1271 usque
924 1170 1155 1263 Veronam,
1179 1164 1247 1246 ubi
1274 1187 1449 1268 parentes
1473 1169 1548 1247 suae
1570 1167 1772 1267 genitricis

419 1272 703 1369 motabantur,
737 1269 836 1350 didl'a
862 1269 994 1349 salutis
1018 1269 1166 1349 monita
1190 1267 1505 1365 transmittebat,
1539 1271 1769 1369 optabatque

419 1371 624 1471 prasertim
661 1371 857 1476 postquam
882 1370 1057 1451 habitum
1084 1368 1212 1451 Sanbii
1238 1369 1440 1460 Dominici
1467 1368 1659 1472 suscepit,
1694 1371 1770 1449 Ve-

422 1496 560 1550 ronam·
583 1474 832 1574 personaliter
854 1472 1063 1567 accederc3
1088 1493 1133 1550 ut
1158 1470 1297 1549 nedum
1324 1471 1365 1549 in
1394 1468 1554 1585 praesatis
1579 1471 1654 1550 suis
1678 1495 1772 1572 quo-

421 1569 486 1652 vic-
507 1577 629 1655 modo·
650 1574 835 1676 sanguine
857 1573 1018 1670 inullis,
1043 1571 1103 1651 sed
1130 1571 1244 1652 etiam
1274 1573 1317 1650 in
1340 1571 1431 1651 alite·
1453 1570 1619 1651 srudlunr
1645 1595 1769 1672 repor-

422 1693 521 1753 taret
545 1697 754 1777 peroptata
776 1675 909 1755 salutis
931 1677 1086 1754 suorum
1114 1674 1396 1776 proximorum.
1423 1673 1496 1753 Sed
1521 1674 1568 1751 de
1593 1695 1662 1752 me·
1679 1671 1773 1773 quid

421 1773 584 1856 dicam?
617 1780 748 1881 Quem
784 1801 875 1856 cunr
900 1777 1052 1856 intense
1085 1801 1161 1875 prae
1183 1774 1269 1854 aliis
1295 1774 1339 1853 in
1362 1773 1524 1853 Christo·
1554 1773 1777 1874 diligeret,

421 1897 593 1957 attamen
616 1901 806 1981 quantum
837 1878 885 1956 ad
912 1874 995 1958 h‘arc
1018 1876 1230 1978 corporalia
1263 1875 1506 1971 commoda,
1533 1872 1601 1955 vel
1625 1874 1769 1974 quavis

421 1975 496 2055 alia
523 1979 637 2078 hujus
659 1979 791 2061 mundi
818 1979 992 2082 prospera
1020 2033 1033 2075 ,
1069 2003 1150 2077 quar
1177 1976 1276 2055 mihi
1303 1977 1505 2077 potuissent
1529 1975 1769 2076 quomodoli·

421 2079 487 2156 ber
512 2081 695 2178 evenire,
716 2102 792 2162 nec
813 2082 933 2161 etiam
957 2079 1181 2179 cogitabat,
1207 2078 1269 2156 sed
1293 2083 1440 2178 semper
1462 2077 1503 2155 in
1529 2075 1608 2155 suis·
1628 2076 1771 2157 oratio·

418 2178 533 2259 nibus
559 2181 748 2284 precipue
769 2207 842 2284 pro
865 2204 934 2262 me
955 2181 1175 2260 Dominum
1199 2179 1409 2274 exorabat,
1430 2175 1466 2256 8(
1494 2176 1664 2256 mesore
1691 2202 1767 2256 rna·

416 2303 541 2378 gnum
566 2282 645 2362 Dei
680 2283 865 2378 servum,
899 2282 1089 2384 verbique
1119 2279 1243 2360 divini
1280 2303 1532 2380 praeconem,
1561 2301 1609 2358 ac
1634 2278 1769 2360 salutis

415 2380 630 2461 animarum
656 2382 844 2464 fervidum
871 2386 1116 2476 zelatorem,
1149 2382 1240 2462 totis
1266 2379 1479 2483 praecordiis
1507 2381 1771 2481 peroptabat,

416 2481 539 2559 etiam
563 2487 753 2585 usquead
779 2485 944 2584 quodvis
968 2483 1142 2562 terribile
1165 2481 1396 2582 martyrium
1421 2477 1626 2560 inclufive.
1653 2481 1768 2560 Unde

418 2604 492 2681 pro
516 2604 559 2660 ut
584 2584 685 2662 mihi
711 2585 841 2665 retulit
869 2608 993 2663 mater
1018 2585 1083 2661 sua
1102 2637 1120 2678 ,
1141 2607 1235 2662 cunr
1258 2582 1503 2682 contingeret
1525 2581 1768 2682 aliquando,

416 2683 522 2780 quod
545 2683 724 2765 diledlam
750 2685 909 2764 Domini
947 2684 1166 2786 aliqualiter
1199 2683 1408 2783 increparet
1435 2679 1596 2763 meere:
1634 2683 1705 2761 Tu
1725 2707 1769 2762 ec

416 2783 532 2862 valde
554 2786 694 2866 mulier
720 2787 919 2866 indiscreta
945 2812 961 2880 ς
995 2786 1085 2887 quia
1110 2810 1203 2864 cum
1227 2783 1467 2863 abundemus·
1493 2782 1676 2862 omnibus
1702 2787 1765 2863 bo·

420 2883 795 2989 nissstemporalibus,
815 2887 992 2967 Domino
1017 2885 1226 2986 largiente,
1254 2904 1295 2963 tu
1323 2908 1521 2985 nunquam·
1544 2883 1687 2962 videris
1710 2909 1773 2963 co

416 2984 569 3087 girare,
588 2990 695 3091 quod
720 2988 781 3067 illi
806 2988 907 3089 patri
930 3009 1006 3070 tuo·
1027 2987 1213 3090 spirituali
1240 3005 1320 3065 tam
1346 2985 1520 3065 indeselie
1548 3009 1620 3085 pro
1641 3005 1704 3078 te,
1730 2984 1772 3064 &

417 3111 489 3184 pro
512 3088 815 3170 aliic'laboranti
843 3117 911 3192 pro
936 3088 1174 3171 recreatione·
1208 3084 1374 3186 eiusdem
1403 3083 1550 3186 aliquid
1576 3086 1772 3163 transmit-

416 3209 542 3267 tatur.
565 3190 646 3269 Cui
673 3192 742 3271 illa
766 3193 836 3270 suo
860 3191 1034 3293 benigno
1053 3215 1188 3286 more,
1209 3189 1248 3268 8(
1274 3186 1415 3267 humili
1441 3186 1683 3288 respondebat
1709 3185 1771 3264 ei«

413 3289 503 3366 dem
530 3289 744 3371 sardicens:
767 3290 996 3373 D'ulcislima
1020 3311 1169 3389 mater,
1193 3289 1406 3384 novitille,
1432 3287 1496 3367 cui
1520 3286 1649 3366 omnia
1677 3287 1768 3367 lunt

417 3391 573 3486 patula,
595 3395 635 3470 8(
657 3412 807 3494 aperta,
834 3390 862 3471 fi
886 3418 961 3496 ego
985 3394 1142 3494 cogito,
1166 3392 1203 3471 8(
1229 3391 1407 3471 recordor
1430 3386 1476 3467 tle
1499 3388 1606 3489 ipso,
1629 3408 1768 3466 verunt

417 3511 551 3569 tamen
574 3516 649 3593 ego
672 3492 836 3576 minime
860 3495 926 3574 srbi
953 3495 1078 3598 diligo
1100 3496 1169 3574 ista
1193 3516 1329 3593 parva,
1355 3494 1393 3571 8(
1419 3490 1548 3587 vilia,
1571 3488 1769 3591 quaesunt

417 3592 667 3691 parvulorum
705 3624 716 3675 :w
751 3596 815 3676 scd
848 3594 1019 3676 defidero
1051 3594 1109 3674 illi
1137 3595 1301 3674 maxima
1323 3648 1351 3689 ,,
1372 3594 1409 3671 8(
1435 3591 1538 3686 illa,
1572 3612 1659 3691 qua
1682 3590 1768 3669 sunt

417 3691 691 3789 perseslorum.
718 3696 805 3796 Ego
830 3696 939 3776 enirn
961 3718 1133 3799 optarem
1160 3697 1284 3797 ipsum
1305 3694 1405 3774 effici
1434 3693 1648 3772 maximum
1676 3715 1773 3769 mar·

416 3796 940 3897 tytempropteerristum,
971 3800 1087 3880 etiarn
1099 3796 1322 3876 minutatim
1344 3795 1618 3889 incidendum,
1640 3817 1772 3894 quem-

414 3893 619 3978 admodum
647 3899 688 3976 Β.
716 3898 946 3980 Dominicus
974 3903 1083 3979 Pater
1107 3901 1218 3995 suus,
1244 3918 1285 3978 ut
1313 3896 1379 3976 fibi
1407 3895 1477 3997 ipsr'
1503 3894 1774 3994 contingeret,

415 4010 530 4094 prout
558 3996 632 4077 srrit
660 3999 811 4080 Cervus
837 4000 887 4079 ad
909 4024 1016 4106 aquar
1040 4000 1227 4095 fluvium,
1252 3996 1450 4083 allidebat
1475 4019 1661 4099 quatenus
1686 3988 1770 4111 iurg-

417 4114 457 4171 ta
481 4098 735 4201 quantitatem
763 4102 990 4180 meritorum
1018 4104 1053 4181 ei
1081 4103 1122 4178 in·
1142 4100 1263 4179 Coelo
1286 4100 1594 4200 corresponderet
1619 4117 1772 4197 quanta·

415 4214 472 4273 tar
499 4200 740 4297 praemiorum
759 4229 775 4296 ς
800 4203 840 4282 8(
863 4204 1021 4283 addebat
1033 4232 1048 4282 ε·
1070 4202 1137 4281 isla
1162 4204 1275 4296 sunt,
1298 4225 1384 4301 quar
1407 4202 1494 4280 sunt
1519 4198 1692 4302 aliquid,
1715 4224 1772 4277 re·

415 4294 520 4398 liqua
549 4324 641 4382 vero
665 4303 873 4405 respeblive
895 4304 983 4387 sunt
1009 4303 1141 4388 nibil.
1178 4308 1278 4403 Qua
1303 4301 1434 4383 omnia
1467 4320 1590 4383 mater
1615 4298 1772 4481 aidliens

1510 4474 1515 4480 .
1657 4425 1680 4478 u
