3800 5342
1315 396 1370 499 ⁶5

98 534 319 638 &portavit
345 532 414 619 sibi
424 536 636 638 Regulam,
662 533 738 613 sive
764 531 969 614 formulam
996 528 1177 633 virendi3
1202 537 1240 618 8(
1261 537 1338 639 ipse
1359 546 1428 627 res·

101 637 253 742 pondit,
278 640 381 737 quod
409 638 552 719 uideret
581 662 686 717 eam.
712 634 822 716 Dicit
838 637 1089 733 Procurator,
1112 639 1212 739 quod
1234 642 1321 725 esset
1342 671 1434 726 cori·

97 758 250 833 tentus,
290 759 331 817 ut
358 736 453 819 istud
481 738 678 839 negotium
706 738 793 816 esset
820 736 1039 836 expeditum
1069 738 1109 818 in
1138 741 1355 840 Paschate,
1391 749 1429 827 ἃ
1498 778 1501 784 ·

99 842 171 943 ipse
194 841 349 923 deberet
359 840 469 923 omni
496 840 732 923 bebdomada
754 838 958 920 sollicitare
971 837 1187 920 Dominum
1213 843 1432 944 pradisium

57 994 61 1001 -
100 944 213 1023 tribus
240 939 408 1025 vicibusr
438 941 476 1023 ἃ
504 941 577 1021 hoc
603 940 722 1037 dicit,
747 938 838 1042 quia
863 938 933 1019 scit
955 964 1080 1021 niores
1101 941 1252 1025 Curiae.
1281 947 1434 1030 Tamen

100 1066 142 1125 eii
164 1059 240 1145 quo
266 1040 321 1121 esi
343 1041 831 1143 commissummegotium,
858 1040 1030 1121 habenda
1051 1041 1103 1121 est
1127 1045 1225 1123 bona
1247 1046 1345 1147 spes.
1372 1050 1436 1139 Ad

102 1145 324 1227 incautam
350 1143 647 1245 perficiendum,
676 1146 820 1223 borium
842 1140 916 1239 est,
942 1142 1043 1243 quod
1066 1143 1212 1225 satiatis
1231 1148 1341 1228 scribi
1368 1150 1437 1232 asi·

101 1272 184 1349 quas
207 1246 355 1325 litteras
381 1246 551 1326 efficaces
579 1271 643 1347 per
718 1245 842 1323 rsonas
867 1244 1056 1327 solemnes
1082 1299 1096 1341 ,
1121 1245 1158 1326 8<
1185 1247 1328 1329 amicos
1355 1253 1436 1332 Do·

100 1348 200 1432 nino
225 1345 495 1442 Bononiensi,
531 1348 660 1448 persua
676 1372 755 1426 ivus
781 1344 873 1429 diui
900 1345 1045 1446 negotii
1072 1401 1086 1445 ,
1121 1348 1159 1427 u
1186 1350 1347 1432 mittatis
1373 1379 1438 1435 eas

99 1448 334 1530 Procuratori
360 1448 540 1542 Ordinis,
566 1448 603 1529 8(
630 1448 706 1549 ipse
733 1446 939 1545 judicabit,
965 1468 1094 1526 utrum
1122 1448 1191 1529 sint
1214 1453 1435 1553 praesentan-

100 1550 180 1646 da,
197 1551 260 1631 vel
288 1566 392 1629 non.
416 1551 469 1629 Et
494 1549 565 1631 sint
586 1550 704 1630 literar
719 1549 1051 1645 etiamefficaces,
1077 1571 1120 1629 ut
1143 1553 1432 1653 nonvideatur,

98 1652 193 1754 quod
216 1650 342 1753 rogati
358 1666 504 1755 ¹rogant
531 1706 548 1747 ,
580 1652 640 1733 sed
666 1652 768 1752 quod
793 1676 816 1729 a
841 1675 881 1731 se
908 1649 992 1753 ipsis
1018 1674 1246 1734 moveantur
1281 1679 1435 1758 propter

97 1752 280 1847 honorem
309 1752 409 1851 Dei,
435 1753 472 1832 dt
498 1753 656 1841 salutem
683 1753 918 1850 animarum,
943 1751 982 1830 ἃ
1008 1755 1332 1854 augmentationis
1365 1759 1433 1838 ho·

99 1858 194 1939 ituris
219 1855 396 1941 Ecclesia
421 1856 516 1939 Dei.
547 1858 669 1950 stem,
695 1855 880 1956 quiahoc
910 1880 986 1933 non
1015 1854 1134 1955 potest
1159 1855 1241 1936 fieri
1267 1856 1344 1938 sine
1370 1882 1435 1938 ex·

98 1958 228 2059 pensa,
253 1955 463 2053 ordinent,
490 1960 588 2036 unde
616 1955 747 2058 possint
769 1955 877 2050 sieri3
904 1955 1142 2058 protestando
1154 1977 1307 2055 tamen,
1332 1960 1436 2061 quod

29 2132 31 2137 s
95 2082 171 2139 non
195 2060 262 2143 fiat
288 2058 459 2145 Simonis
481 2058 552 2138 stc.
573 2058 713 2139 Scribit
739 2078 868 2137 autern
897 2058 1003 2157 plura
1030 2057 1130 2153 alia,
1157 2058 1359 2155 videlicet,
1386 2062 1435 2143 de

94 2159 282 2245 cressione
313 2160 432 2251 satuti
472 2159 721 2253 Prouincialis
756 2159 922 2239 Romani
963 2157 1080 2239 diluta
1118 2182 1268 2260 propter
1305 2161 1433 2242 causas

93 2262 269 2362 murdim
294 2261 588 2378 usqueadfost
614 2259 785 2356 Pascha,
812 2260 849 2339 8<
873 2260 918 2341 de
946 2257 1117 2361 pluribus
1145 2314 1158 2357 ,
1193 2260 1437 2362 quae‘dimit·

96 2378 226 2449 tunsur
249 2363 375 2466 gratia
398 2362 619 2459 brainam,
646 2363 683 2443 dt
707 2361 797 2463 qiiia
826 2386 903 2441 non
931 2363 1016 2453 sunt
1041 2361 1089 2441 de
1110 2360 1280 2462 prasenti
1300 2388 1455 2465 propo·
1553 2436 1557 2443 .

96 2461 190 2545 sito.
218 2468 366 2551 Datum
385 2467 573 2570 quando,
607 2466 646 2551 8<
673 2465 740 2552 ubi
767 2464 891 2571 supra.
923 2461 1053 2549 Vester
1080 2463 1210 2545 Frater
1235 2463 1434 2546 Bartholo·

97 2588 208 2649 maeus
235 2573 281 2651 de
308 2572 469 2653 Acerbis
493 2571 670 2678 vicarius
695 2570 767 2652 &n

143 2671 244 2751 Item
272 2670 415 2775 recepit
444 2674 549 2756 Prior
574 2673 697 2757 noster
723 2674 955 2753 Conventus
975 2667 1200 2754 sinuosum
1226 2667 1437 2774 Iohannis,

95 2766 127 2848 tr
154 2771 289 2872 Pauli,
315 2773 515 2855 videlicet:
542 2777 674 2856 Frater
699 2776 892 2873 Iohannes
919 2773 1125 2853 Benedis'to
1152 2775 1225 2873 (a)
1252 2798 1367 2854 unam
1390 2771 1433 2850 li-

48 2954 62 2979 „
97 2888 213 2951 teram
240 2900 263 2951 a
289 2875 421 2952 Fratre
446 2872 620 2971 Iohanne
648 2873 882 2966 Dominici,
909 2896 974 2986 per
1001 2873 1122 2970 ipsum
1149 2873 1324 2972 scriptam
1352 2876 1436 2951 Plo·

96 2972 257 3069 tentiae
275 2973 337 3055 die
363 2974 496 3077 quinta
521 2973 827 3074 Januariir4o4.
863 2995 971 3069 cutus
998 2992 1107 3050 tenor
1133 2972 1220 3050 talis
1247 2972 1330 3052 eir:
1357 2973 1435 3051 Sci·

98 3071 173 3172 tis',
200 3073 257 3155 mi
286 3077 416 3159 Frater
441 3074 612 3173 disesie,
651 3097 712 3155 me
740 3068 908 3154 mensem
937 3070 1099 3151 transisse
1125 3069 1201 3150 fine
1228 3071 1358 3152 literis
1375 3095 1437 3151 ve·

98 3171 175 3254 siris
199 3198 332 3259 eontra
359 3177 581 3278 promissum
606 3205 619 3271 3
654 3194 745 3257 tuni
783 3194 915 3255 tamen
942 3173 982 3252 in
1010 3173 1119 3253 eausa
1144 3172 1334 3254 consimili
1360 3171 1437 3253 sue·
1465 3216 1473 3231 ·

97 3275 165 3355 iiiii
191 3278 375 3364 obediens
402 3280 549 3377 vobis,
583 3302 726 3381 vosque
753 3301 821 3378 pro
848 3279 950 3356 bono
976 3276 1208 3356 Conventus
1235 3274 1345 3354 vestri
1371 3272 1441 3353 mi·

101 3375 140 3455 hi
164 3377 373 3460 debueritis
400 3381 621 3481 respondere
648 3409 657 3459 :
696 3380 757 3458 sed
784 3377 923 3471 amodo
950 3375 1025 3475 jani
1055 3375 1440 3477 tempustransivit,

101 3476 310 3560 &inutilis
336 3481 408 3561 suit
434 3481 597 3561 omnino
619 3478 843 3576 Tradimus,
872 3479 1026 3557 volente
1054 3477 1341 3558 Vitariostaliae
1366 3477 1441 3556 ele·

97 3576 260 3661 aionem
290 3583 539 3663 Prouincialis
565 3582 683 3667 futuri
721 3579 821 3661 circa
847 3579 965 3660 finem
991 3579 1180 3681 praesentis
1214 3578 1349 3659 mensis
1377 3579 1444 3656 Pa·

97 3681 179 3761 rusi
205 3684 431 3781 celebrare,
457 3684 558 3764 unde
583 3703 673 3763 ante
698 3680 1018 3785 quadragesimam
1046 3704 1162 3760 tiemo
1188 3680 1440 3782 possetVene·

98 3782 168 3861 tias
193 3787 400 3885 applicare.
429 3789 567 3867 Adbuc
594 3806 724 3865 tamen
749 3781 803 3862 est
815 3785 973 3877 Roma,
1000 3783 1100 3860 unde
1126 3782 1255 3862 literas
1283 3780 1366 3859 heti
1387 3783 1442 3858 su·

99 3882 195 3987 scepi
222 3910 437 3985 narrantes,
463 3886 566 3992 quod
592 3883 788 3969 Proterror
814 3883 972 3965 Ordinis
984 3884 1144 4064 Slummo
1157 3880 1334 3965 Pontifici
1351 3881 1442 4058 Isura

193 3992 301 4067 Tum.
328 3996 407 4068 VH.
1280 3998 1284 4005 ’
1325 4004 1396 4081 pt·

100 4182 295 4283 (⁴)Jaannfs
314 4187 483 4283 Benedisirrr
507 4190 555 4252 seu
570 4187 617 4326 lde
637 4186 796 4323 Benetdisbir
822 4183 1084 4324 ehsgricssnglim
1104 4184 1443 4317 vmmnffsiguemd’·

105 4384 111 4391 .
172 4268 885 4420 gfssssssfls‘sss'f‘ssssbssssssrs.
912 4282 1001 4400 iona
1021 4278 1240 4415 iiii⁰iag¹f2⁹rl
1265 4275 1307 4395 sa
1334 4277 1444 4393 iiius,

154 4417 341 4491 ,Tarrisinaa
360 4440 440 4485 atino
462 4434 717 4501 mamentianos
737 4417 798 4478 est.
