3800 5342
371 367 1211 460 SrucrtDonrutcn
1323 399 1405 486 309

138 511 314 704 quaerar.
350 521 426 603 Eae
451 546 498 603 ex
530 523 681 605 Veneto
700 515 828 602 Sandli
849 516 1051 603 Duronio
1071 521 1244 604 Archino
1265 545 1390 605 erutas
1409 547 1472 606 ern

166 648 179 701 1
229 649 334 705 mur.
366 659 370 668 ·
439 665 442 670 ·
1274 671 1282 704 .·

183 778 210 820 „
235 726 280 802 ln
306 723 383 804 Dei
409 723 490 804 filio
525 723 593 803 nbi
617 721 831 805 charillimo
857 720 978 802 Fratri
1005 722 1169 821 Iohanni
1186 726 1397 810 'Dominici
1423 727 1474 808 de

110 837 162 920 '„
186 825 409 922 Florentia,
437 825 590 906 Vicario
616 825 658 905 in
682 823 951 905 Conventibus
979 823 1135 905 Venetis
1161 827 1296 905 Ordin.
1320 829 1473 908 l’raedic.

134 923 318 1019 „Frater
345 927 594 1025 Raynrundur
619 926 785 1024 ejusdem
811 924 965 1006 Ordinis
999 922 1157 1004 humilis
1182 927 1398 1028 Magister,
1433 928 1475 1006 dt

135 1069 163 1120 „
189 1026 581 1125 retractantem&
607 1025 807 1108 Christum
834 1026 1048 1105 Dominum
1074 1026 1279 1107 efficaciter
1305 1028 1473 1108 imitari.

134 1174 161 1219 „
187 1126 290 1225 Quia
317 1128 462 1208 summe
488 1127 588 1207 milti
613 1126 665 1209 est
690 1128 821 1225 cordi,
846 1126 1009 1206 tentoria
1034 1125 1270 1207 filiorumll
1293 1129 1473 1209 Domini·

127 1253 159 1320 ·„
183 1227 220 1305 ci
247 1227 403 1307 dilatare
416 1233 438 1322 ⁴3
472 1230 510 1308 u
536 1251 606 1309 vos
631 1250 781 1332 propter
806 1227 1097 1308 multitudinem
1118 1231 1293 1308 Fratrum
1316 1283 1329 1324 ‚
1355 1254 1470 1331 quarn
1550 1256 1556 1266 ·

134 1377 161 1420 „
189 1326 384 1428 habebatis
409 1330 449 1408 in
473 1330 686 1411 Conuentu
721 1329 847 1411 Sanun
874 1329 1077 1410 Dominici
1102 1331 1148 1410 de
1175 1330 1383 1429 Veneriis,
1408 1356 1474 1410 cu-

134 1474 161 1520 „
186 1425 254 1524 jus·
270 1427 371 1514 idem
398 1432 627 1510 Conventus
652 1456 769 1532 capax
795 1456 873 1513 non
899 1452 1003 1525 erat,
1030 1431 1176 1532 aliquos
1202 1452 1249 1510 ex
1276 1430 1365 1529 iulis*
1386 1433 1472 1509 Fra·

132 1578 161 1621 „
187 1528 308 1609 tribus
343 1531 390 1608 de
416 1531 572 1611 lieentia
599 1533 847 1614 Prouincialis
874 1531 1084 1612 Provinciae
1110 1531 1346 1610 lombardia
1383 1530 1473 1610 inle-
1549 1551 1552 1559 ‘

130 1679 159 1721 „
185 1626 319 1726 floris,
344 1633 390 1736 ad
415 1633 666 1713 Conventum
687 1635 936 1735 Clugieulem
963 1633 1114 1713 noviter
1140 1630 1398 1724 transtulistis,
1423 1656 1475 1712 ne
1528 1719 1531 1724 ,

124 1751 158 1824 ·„
183 1728 449 1812 dielifratres
475 1731 523 1812 fic
550 1736 760 1814 translatati
788 1735 920 1834 poliint
945 1732 1236 1837 quomodolibet
1260 1728 1474 1830 molestari,

131 1849 250 1925 „aut
276 1857 299 1908 a
323 1832 458 1913 divino
482 1834 637 1917 servitio
662 1836 862 1935 impediri,
889 1861 956 1926 vos
983 1836 1023 1913 in
1044 1833 1473 1918 didloConventuClu-
1556 1929 1560 1933 ,

128 1979 155 2023 „
180 1930 297 2032 giensr
324 1954 454 2014 tenore
467 1936 704 2035 presentium
719 1937 876 2015 instituo
896 1960 1025 2014 meum
1040 1934 1237 2015 vicarium
1250 1933 1472 2035 specialem:

130 2031 395 2124 „concedens
421 2036 530 2116 vobis
566 2061 731 2116 omnem·
749 2036 1011 2116 auctoritatem
1038 2036 1080 2113 in
1106 2059 1186 2132 eo,
1221 2059 1335 2136 quant
1361 2035 1474 2116 vobis

130 2179 157 2232 „
182 2134 379 2231 concedi,
405 2138 442 2215 8(
469 2136 638 2216 commisi
674 2163 739 2238 per
764 2138 855 2218 alias
892 2160 996 2234 meas
1030 2135 1158 2216 literas
1190 2134 1232 2214 in
1257 2136 1470 2215 Conueutn

128 2281 155 2328 „
180 2236 218 2313 S.
241 2235 442 2317 Dominici
469 2237 708 2338 supradicto,
742 2263 830 2317 cunr
858 2237 1037 2324 omnibus
1062 2235 1271 2332 clausulis,
1306 2238 1343 2315 8(
1370 2256 1472 2352 poto·

130 2381 158 2427 „
180 2334 337 2416 statibus
363 2338 404 2415 in
430 2338 551 2419 literis
577 2339 761 2441 predictis
786 2337 980 2440 expreffis:
1008 2339 1179 2432 Nolens,
1204 2337 1310 2439 quod
1333 2336 1472 2437 anquis

129 2479 155 2527 „
179 2460 243 2514 me
271 2437 425 2519 inferior
453 2448 520 2519 uos
547 2441 694 2536 valeat,
721 2442 784 2520 seu
810 2442 944 2520 audent
971 2439 1013 2518 in
1038 2437 1267 2520 executione
1283 2436 1471 2518 didiarurn
1551 2503 1555 2510 .

127 2583 154 2629 „
180 2534 447 2620 auctoritatum
474 2543 763 2643 quomodolibet
790 2540 999 2643 impedire.
1023 2543 1068 2619 ln
1094 2540 1202 2640 cuiue
1226 2538 1283 2619 rei
1305 2537 1471 2619 testimo·
1586 2591 1592 2602 «

127 2683 154 2729 ,,
181 2638 249 2715 nio
276 2642 470 2739 praesentes
507 2662 676 2742 patentes
702 2643 830 2723 literas
855 2643 936 2721 lieri
963 2641 1070 2736 feci,
1106 2642 1144 2721 dc
1170 2638 1472 2722 nostri-Ordinis

127 2784 158 2829 „
181 2738 305 2914 i¹q⁸ffl⁰
326 2741 500 2819 muniri.
537 2743 682 2819 Datum
706 2744 843 2823 Rouuc
878 2742 939 2821 die
967 2764 1030 2821 xv.
1053 2742 1147 2840 Julii
1174 2765 1278 2822 anno
1304 2738 1473 2821 Domini

127 2883 156 2929 ‚,
234 2863 393 2920 cccxcii.
1023 2912 1028 2923 .

179 2935 263 3053 Nec
287 2943 437 3024 Clodio
464 2945 610 3044 solum,
638 2943 698 3029 sed
710 2935 1053 3054 etiam-Tloherni,
1080 2937 1198 3025 souin
1209 2939 1470 3026 CivitateCa·

125 3034 246 3135 llellr,
272 3044 547 3142 Cortonae,‘ac
574 3050 729 3130 Fatuus
752 3052 980 3158 severiorem
1004 3048 1263 3151 disciplinam,
1288 3070 1403 3145 quarn
1426 3046 1468 3124 in
1575 3065 1581 3080 ’

126 3138 285 3223 Venetis
312 3147 554 3230 Monalleriis
580 3149 615 3229 S.
640 3152 841 3232 Dominidi
879 3155 1081 3256 primurn,
1117 3146 1470 3228 monumnenta

125 3238 326 3338 Ioannis&
340 3249 445 3327 Pauli
458 3273 599 3352 magno
623 3253 752 3344 labore
764 3253 972 3335 restituerat
984 3251 1024 3333 B.
1035 3253 1221 3355 Iuenna,
1242 3246 1471 3362 mirabilitqn

124 3349 1178 3451 propagauit,quamtameninCallellanoDDontiniei
1188 3348 1470 3448 Coeuobioprt·

125 3465 227 3526 marn
255 3450 444 3550 originem
473 3453 664 3550 habuisse,-
690 3454 843 3534 testatur
855 3457 1028 3536 Fontana
1055 3480 1130 3556 par.
1143 3456 1193 3530 ll.
1205 3454 1281 3531 cola
1291 3457 1350 3550 48.
1362 3450 1470 3529 Con·

125 3541 196 3626 liii.
225 3551 291 3629 ubi
320 3554 398 3631 hae’c
426 3552 567 3633 affert:
602 3557 630 3598 “
649 3555 880 3635 Cumvero
916 3557 959 3634 B.
981 3558 1039 3634 Ra
1070 3553 1233 3633 mundus
1258 3554 1305 3630 de
1331 3552 1469 3650 capua

123 3697 149 3743 „
176 3654 375 3733 Generalis
403 3653 586 3755 Magister
611 3656 853 3736 eliminatum
888 3657 1018 3760 regula
1096 3651 1343 3754 observantie
1371 3649 1484 3730 nito·-

121 3756 333 3845 „remon
359 3757 579 3834 communia
606 3756 782 3836 Ecclenae'
802 3814 815 3854 ,
838 3777 952 3859 etque
978 3747 1095 3837 Orbis
1121 3755 1223 3834 malo
1246 3752 1371 3833 nolito
1396 3754 1470 3830 Or·

120 3873 148 3948 „³
175 3853 270 3947 dini·
285 3854 477 3938 restituere
503 3853 721 3937 decrevillet
743 3875 759 3954 ,²
781 3859 1025 3939 omnibus&
1040 3856 1207 3956 'lingulis
1231 3851 1468 3947 Provinciis,

127 4003 152 4050 „
176 3975 223 4072 qt
250 3981 369 4042 unum
397 3959 649 4039 Contentum
688 3985 756 4059 pro
782 3960 946 4060 regulari
983 3956 1223 4072 observantiq
1248 3952 1380 4072 enadle
1405 3951 1469 4027 ad·

122 4104 149 4154 „
175 4058 369 4158 implenda
394 4057 603 4159 eligerent,
630 4061 832 4162 lmperavit
854 4114 867 4157 ,
892 4059 992 4139 dntid
1013 4060 1062 4140 de
1088 4059 1163 4136 ltoc
1190 4059 1311 4169 luenq
1331 4053 1471 4130 -Rornae

122 4212 150 4255 „
175 4158 237 4236 die
269 4159 576 4239 nNovemnan.
592 4163 784 4239 Mcccxo.
812 4162 859 4239 ln
887 4161 998 4259 liujus
1025 4157 1142 4259 igitur
1154 4159 1311 4235 Decreu
1337 4174 1473 4266 errecu·

122 4259 323 4355 „tionem
350 4261 469 4361 aliqui
498 4264 623 4339 Patres
649 4262 831 4362 regularis
858 4262 1104 4342 observantiae
1131 4275 1343 4346 amatores,
1370 4267 1473 4329 inter

125 4413 152 4459 „
171 4384 271 4463 quos
295 4364 541 4444 recenl'entui
562 4364 621 4463 lo.
647 4362 848 4446 Dominici
873 4365 922 4446 de
946 4358 1168 4457 Florentia,
1188 4345 1476 4537 Thntaqaaqnelliu
