3800 5342
1351 328 1443 438 389

161 490 321 575 firmitas
346 482 550 593 corporalis
574 511 658 570 earn
684 482 913 587 arripuisset,
940 485 1058 588 Qrod
1080 483 1267 589 lignatiter
1292 488 1525 591 contingit,

162 618 252 676 cum
289 596 338 673 ab
364 592 600 673 ultima**sua
626 592 671 671 de
708 589 807 690 pelle
833 587 1055 689 egritudine
1091 613 1237 693 arrepta
1263 592 1383 672 fuisset
1410 620 1422 687 3
1457 594 1505 670 de

157 721 239 798 qua
264 696 380 775 etiam
407 694 511 793 juxta
536 694 644 772 suurn
670 688 893 771 desiderium
921 715 968 770 ex
996 691 1068 771 hac
1094 692 1180 773 luce
1207 691 1426 793 migravit,
1462 715 1505 771 ut

162 797 261 876 inira
287 796 452 876 dicetur.
481 797 540 873 Ex
567 795 699 879 eodem
716 792 844 873 ‘etiarn
855 791 1216 874 terronaccedere
1234 794 1431 874 affeeiabat
1459 794 1506 872 ad

162 922 298 979 onmes
324 897 492 976 infirmae
526 899 573 975 de
601 895 696 997 pelle
723 947 737 990 ,
767 894 809 972 8(
835 894 881 972 ad
898 894 1163 997 isepe‘liendum
1189 894 1434 977 consimiliter
1459 897 1506 975 de

161 1000 260 1101 peste
286 998 625 1092 desererentur
653 1014 945 1103 pto-etpoterat
972 996 1191 1077 executioni
1212 997 1506 1077 mandabattam

166 1122 352 1202 quantum
380 1101 426 1179 ad
463 1100 548 1179 illae
584 1100 630 1178 de
658 1100 823 1194 Domo,
859 1096 1123 1199 &prasertim
1161 1097 1304 1179 sclavae
1336 1101 1384 1178 ab
1420 1097 1506 1177 aliis

164 1202 285 1303 tnagis
312 1202 482 1294 relidas,
508 1224 621 1301 quarn
648 1218 832 1316 quantum
862 1199 908 1279 ad
933 1200 1026 1280 alias
1053 1226 1131 1278 non
1158 1202 1280 1279 solum
1307 1199 1506 1302 personali·

161 1325 220 1382 ter
248 1302 471 1400 visitando,
506 1304 568 1382 sed
595 1302 635 1381 in
662 1300 947 1381 tnlirtnitatibus
984 1300 1229 1382 ministrando
1256 1303 1336 1404 pull
1363 1324 1506 1381 eatum-

153 1405 251 1484 dem
278 1405 462 1485 decessum
487 1403 620 1483 lunera
646 1403 862 1500 induendo,
888 1404 926 1483 8<
952 1402 998 1482 ad
1028 1404 1256 1504 sepulturam
1283 1415 1403 1504 usque
1428 1426 1508 1483 tam

163 1506 327 1604 devote,
351 1528 464 1607 quam
487 1507 659 1586 alacriter
670 1504 870 1601 sociando,
895 1502 1216 1607 quemadmodum
1238 1503 1506 1604 etiaminprae»

162 1606 523 1709 cedentiCapitulo
550 1607 765 1708 aliqualiter
790 1604 863 1684 suit
890 1604 1066 1687 tadum.
1104 1606 1297 1706 Siquidem
1325 1607 1425 1706 quod
1451 1601 1505 1682 est

160 1707 264 1787 dieu
291 1707 478 1809 fignanter
505 1707 702 1803 mirabile,
727 1708 909 1810 quoniam
937 1707 1005 1788 ubi
1031 1707 1302 1789 emeritorum
1327 1730 1376 1784 ex
1403 1705 1506 1785 audi·

160 1829 204 1886 tu
231 1808 363 1909 pellis,
389 1810 425 1890 8(
452 1810 618 1889 maxime
644 1809 799 1909 juvenes
826 1808 1010 1911 praecipue
1038 1810 1314 1901 terrebantur,
1351 1806 1427 1909 ipsa
1454 1827 1506 1886 ta·

159 1934 251 1989 men
284 1910 401 1989 etiam
428 1937 515 1989 cunr
553 1911 626 2011 jam
654 1910 751 1990 foret
777 1911 912 1989 rnorbo
948 1909 1188 2009 pestilentiali
1214 1910 1416 2009 perculsa,
1451 1905 1506 1986 ita

158 2009 283 2091 ridens
309 2012 555 2107 laetabunda,
580 2012 616 2091 8(
645 2009 775 2091 hilaria
801 2009 852 2089 est
873 2010 1031 2107 efferra,
1054 2011 1156 2113 quod
1182 2010 1251 2089 ulfi
1280 2009 1352 2088 lioc
1380 2008 1504 2107 ipsum

159 2137 235 2213 ego
260 2113 503 2214 personaliter
530 2113 724 2210 vidissem,
749 2111 907 2191 minime
934 2111 1096 2214 idipsum
1121 2111 1272 2192 credere
1282 2109 1505 2216 potuissem.

160 2215 289 2292 Immo
300 2212 390 2294 licet
412 2214 452 2294 id
462 2215 611 2297 oculata
638 2215 710 2294 fide
722 2213 976 2318 perceperim,
996 2233 1170 2295 attamen
1182 2234 1324 2315 quanto
1345 2235 1392 2291 ex
1413 2231 1506 2291 tune

161 2313 201 2393 id
228 2315 347 2417 magis
358 2316 511 2416 cogito,
538 2338 646 2398 tanto
671 2316 1033 2419 ampliusllupelc03
1059 2337 1262 2397 cumrauta
1282 2311 1505 2395 &talisfue

155 2416 206 2494 rit
233 2417 381 2518 praefata
408 2419 651 2520 latitiaquod
677 2420 776 2521 apud
802 2420 994 2499 noscentes
1020 2442 1129 2514 earn,
1155 2443 1225 2498 nec
1251 2440 1503 2519 unquaman

158 2537 242 2613 tea,
269 2544 339 2600 nec
367 2519 534 2620 postvifa
561 2522 631 2600 fuit
659 2522 785 2601 taliter
811 2547 855 2601 ac
881 2541 1030 2601 tanturn
1059 2520 1178 2600 ridere
1196 2543 1266 2621 pro
1293 2544 1368 2598 una
1395 2517 1505 2610 vice,
1617 2536 1618 2539 ‘

158 2619 323 2718 talique,
350 2646 393 2698 ac
422 2643 526 2698 tanta
537 2623 856 2721 quemadmodum
878 2643 970 2701 tunc
996 2623 1189 2702 alacritate
1201 2619 1396 2723 perfundi.
1422 2615 1503 2698 Ubi

155 2717 655 2816 enaritumeLeuornota,
679 2722 881 2821 quodcum
901 2742 1071 2820 tempore
1083 2722 1188 2801 dierae
1210 2721 1341 2822 pellit,
1366 2720 1503 2822 quain

155 2814 332 2899 Veneriis
358 2823 431 2919 (7)
447 2821 557 2902 annia
569 2822 761 2924 pluribus,
787 2820 1220 2915 licetmodointenstus,
1247 2822 1361 2900 modo
1372 2821 1501 2900 remis·

157 2917 231 2998 fius
258 2921 494 3036 perduravit,
521 2948 592 3023 ego
619 2923 660 3001 in
685 2925 930 3021 Conventu,
946 2923 983 3000 8ι
1010 2922 1100 3003 hinc
1127 2922 1214 3002 inde
1241 2921 1500 3023 peruenetias

153 3022 435 3120 predicarem,
472 3024 512 3101 in
539 3024 715 3107 solatium
744 3047 821 3104 tarn
847 3024 1006 3127 speciale
1032 3080 1047 3121 ,
1071 3048 1184 3124 quarn
1212 3023 1387 3124 generale
1414 3021 1501 3101 fide·

152 3122 251 3202 lium
279 3124 379 3204 inter
405 3124 478 3203 alia
504 3125 708 3228 aliquando
734 3128 776 3206 in
802 3126 1133 3228 predicationibus
1156 3125 1391 3220 inserebant,
1415 3147 1503 3224 qua·

151 3223 241 3303 liter
261 3225 563 3314 infirmitatetde
590 3229 712 3331 peste,
736 3228 972 3330 &signanter
998 3252 1086 3307 cum
1113 3223 1501 3330 proptetChristum,

151 3324 190 3404 dc
211 3325 345 3405 anime
366 3329 438 3407 luae
466 3330 623 3409 salutem
648 3330 911 3411 infirmitatem
939 3330 1152 3432 prefatam,
1179 3356 1258 3409 non
1285 3329 1407 3407 solum
1435 3350 1500 3404 vo

152 3428 342 3524 luntario,
367 3428 404 3507 de
429 3430 641 3530 patienter,
667 3432 727 3510 sed
754 3430 1028 3531 multomagis
1051 3429 1340 3511 cumaeamdem
1366 3426 1503 3523 avide,

151 3529 189 3609 8<
217 3529 389 3612 hilariter
414 3535 698 3634 acceptabant,
735 3536 874 3614 merito
901 3556 1007 3613 erant
1036 3531 1157 3612 veluti
1177 3554 1275 3612 mart
1307 3556 1363 3611 tes
1390 3528 1503 3631 ipsius

151 3630 323 3711 Christi.
350 3633 401 3711 Et
421 3632 498 3714 hoc
518 3658 566 3713 ex
588 3661 634 3715 eo
653 3637 930 3737 quodpropter
957 3634 1246 3736 egritudinem,
1271 3560 1308 3713 8
1334 3640 1515 3711 mortem

151 3732 441 3837 pestilentialern
469 3735 597 3815 taliter
620 3757 854 3837 acceptatam
881 3758 1061 3838 tanquam
1088 3761 1153 3837 per
1176 3734 1367 3836 quoddam
1394 3728 1501 3812 terri·

116 3882 122 3893 ,
153 3834 511 3941 bilemattyrium,
536 3837 600 3916 seu
627 3837 758 3917 divina
786 3838 963 3933 iustitiam
986 3892 1000 3933 ,
1025 3859 1090 3917 aut
1116 3834 1397 3918 satissaeioriam
1426 3852 1501 3930 poe·

152 3935 357 4016 nitentiam
380 3939 467 4018 Deo
493 3939 604 4040 plene
631 3939 895 4037 reconciliati,
919 3940 957 4019 8<
983 3939 1189 4041 apeccatis
1210 3934 1424 4035 justificati,
1446 3950 1503 4007 at·

1151 4054 1154 4059 ’
1375 4054 1449 4135 que

194 4219 255 4292 (7)
277 4217 320 4274 De
340 4210 395 4275 hac
417 4188 492 4289 piffe
513 4214 619 4292 pluries
639 4219 670 4276 in
692 4200 954 4281 VenetaAEivirate
974 4216 1145 4297 grallante,
1166 4196 1267 4275 narrar
1289 4207 1373 4287 plura
1394 4201 1502 4297 Aulion
1545 4212 1547 4215 '

271 4291 587 4433 ἶὲῐξυῧεῖἔιειὶιῑῖεᾶῐιᾌξῐε
609 4297 697 4358 inicio
718 4338 728 4369 ,
756 4297 782 4357 dt
803 4296 955 4375 progressu
975 4294 1096 4358 Ordinis
1117 4291 1152 4352 de
1173 4288 1350 4351 Paenitentia
1371 4286 1401 4344 in
1421 4286 1503 4343 Crur-
