3800 5342
1310 426 1390 516 231

118 552 213 656 ,hi
238 554 396 673 gratiam
425 554 734 639 &fortitudinem
762 554 1041 651 subministret,
1064 554 1112 632 ad
1139 555 1324 647 honorem
1345 556 1455 635 suum

118 711 144 757 „
169 656 498 761 supertnrpofitum
526 666 623 738 onus
649 658 813 739 viriliter
839 658 958 751 serre,
982 656 1020 734 lic
1041 657 1199 735 salutem
1227 658 1415 758 propriam
1441 674 1456 754 ,

117 811 144 856 „
167 759 205 837 8(
232 759 394 837 alibrum
422 760 741 843 aedificationem.
769 761 820 839 Et
845 759 934 860 quia
961 756 1176 857 praedidlum
1201 758 1368 837 Priorem
1391 759 1460 837 Bo·

117 909 144 956 „
169 863 318 956 aoniae,
344 886 445 940 nunc
472 860 669 942 adualitet
694 862 810 945 mitto
837 858 1103 940 Mediolanum
1128 913 1143 954 ,
1165 883 1254 938 eum
1282 858 1459 939 informa·

117 961 200 1055 „ri
227 964 273 1040 de
298 960 398 1041 tarto
424 961 512 1042 libri
540 963 794 1063 Epistolarum
822 961 964 1042 Sandan
992 958 1167 1054 Matris,
1193 979 1235 1036 ut
1262 983 1350 1039 eum
1378 983 1459 1059 prn-

117 1108 142 1156 „
167 1081 274 1140 curet
302 1063 466 1161 habere,
491 1064 528 1144 8(
554 1066 665 1145 vobis
687 1064 868 1160 mittete,
895 1062 994 1141 unde
1021 1060 1110 1140 inde
1132 1058 1262 1138 santra
1287 1060 1458 1161 Virginis

117 1208 144 1257 „
169 1164 294 1243 honor
315 1188 523 1265 augeatur3
549 1167 682 1268 ltaque
701 1164 905 1268 loquimini
919 1165 1069 1258 secum,
1089 1160 1334 1257 &ordinate,
1358 1161 1462 1262 quod
1525 1185 1528 1193 ·

117 1308 143 1356 „
170 1262 218 1342 sic
240 1264 331 1344 fiat.
359 1267 447 1346 Alia
474 1291 552 1345 non
580 1268 723 1370 possum
751 1274 819 1368 pro
845 1265 1014 1367 prasenti
1043 1263 1239 1344 scribere.
1273 1261 1388 1353 Cum
1409 1261 1462 1343 vi*

118 1363 302 1458 „desitis
337 1366 595 1448 Reverendiss.
631 1368 670 1448 8(
705 1392 952 1449 communem
981 1367 1140 1444 ‘Patrem
1178 1362 1381 1460 vellrum,
1425 1362 1464 1443 8(

117 1513 143 1558 ,,
170 1490 301 1546 meum
328 1466 507 1549 videlicet
538 1468 763 1571 Magistrum
789 1469 973 1564 Ordinis,
999 1490 1061 1545 me
1088 1464 1155 1567 fibi
1173 1466 1463 1547 ¹recommendo

116 1612 143 1659 „
170 1591 213 1646 re
241 1566 391 1665 velitis,
417 1596 460 1651 ac
486 1571 600 1650 etiam
628 1571 713 1651 aliis
739 1571 854 1650 servis
881 1570 964 1649 Dei
986 1567 1181 1647 vobiscum
1208 1565 1463 1667 degentibus,

118 1714 145 1759 „
170 1666 209 1744 8(
235 1665 472 1768 fingulariter
497 1670 709 1753 Prasrdenti
736 1670 779 1752 in
806 1669 1042 1751 Monasterio
1068 1669 1252 1770 Corporis
1277 1665 1423 1745 Christi
1444 1712 1463 1763 2,

116 1814 144 1859 n
168 1766 206 1846 8(
233 1770 412 1868 quoniam
440 1772 559 1851 Italiae
587 1774 668 1853 sum
695 1772 910 1875 compulsus
936 1769 1146 1851 valedicere
1183 1769 1229 1848 de
1258 1766 1382 1846 sandlo
1408 1767 1462 1845 di·

121 1868 256 1967 „gito
282 1872 432 1970 potellis
458 1874 631 1953 ordinare
659 1896 770 1978 prout
798 1874 925 1953 vestrae
952 1870 1170 1951 discretioni
1202 1868 1389 1963 videtur,
1414 1869 1461 1949 de
1528 1967 1533 1974 .

119 2016 145 2062 „
171 1992 262 2069 pace
290 1994 418 2052 tamen
446 1974 613 2055 filiorum
641 2031 655 2069 ,
691 1977 727 2055 8(
753 1975 919 2055 filiarum
945 1976 1017 2052 &c
1046 1973 1290 2050 Mementote
1317 1971 1392 2048 mei
1421 1970 1463 2049 in

116 2117 144 2163 „
167 2070 408 2153 orationibus
432 2074 582 2156 vestris.
609 2077 756 2155 Datum
785 2078 827 2155 in
852 2076 969 2157 domo
996 2072 1117 2151 nosira
1149 2074 1184 2150 S.
1211 2070 1396 2170 Johannis
1422 2069 1463 2149 in

117 2218 144 2264 „
169 2171 294 2273 legent
320 2172 383 2253 die
409 2196 507 2253 (νη.
538 2176 680 2257 Mensis
691 2177 870 2259 Odiobris
897 2182 1001 2279 1398.
1013 2173 1227 2276 Stephanus
1255 2170 1361 2249 Prior
1371 2170 1462 2251 Car·

117 2318 145 2364 2,
168 2271 271 2354 tusrae
297 2273 390 2354 licet
416 2277 616 2378 indignus.
642 2281 670 2324 “

165 2375 266 2453 Item
292 2399 444 2479 propter
470 2378 633 2459 srudlum
660 2378 762 2462 didio
788 2405 891 2461 anno
917 2405 983 2482 per
1010 2404 1102 2471 nos,
1128 2377 1218 2456 Deo
1238 2374 1352 2454 dante
1378 2424 1391 2467 ,
1418 2370 1459 2451 ia

117 2470 206 2586 lsrsrs
234 2477 664 2583 praedidium,'contigit
685 2480 939 2584 supradidiurn
965 2484 1002 2559 P.
1032 2482 1071 2558 F.
1083 2480 1296 2580 Iohannem
1325 2471 1460 2553 Domi·

114 2576 191 2652 nrci
221 2595 298 2655 tam
322 2588 344 2656 a
370 2580 599 2680 maioribus,
623 2608 739 2685 quam
764 2585 812 2664 ab
838 2583 923 2663 aliis
950 2583 1116 2683 personis
1147 2580 1284 2658 Pisana
1316 2574 1462 2655 Civita

114 2673 163 2754 tis
190 2674 371 2756 instanter
395 2680 560 2781 requiri,
585 2684 688 2782 quod
711 2683 808 2761 illuc
833 2684 875 2761 in
902 2684 989 2783 sequ
1044 2704 1080 2762 te
1107 2680 1338 2760 immediate·
1355 2679 1463 2777 Qua·

112 2774 176 2852 dra
205 2775 318 2855 elima
344 2779 496 2859 deberet
523 2780 686 2860 omnino
711 2782 757 2860 ad
785 2782 969 2883 pradican
999 2808 1061 2858 um
1089 2784 1305 2875 accedere,
1341 2781 1459 2856 eriam

110 2875 158 2952 ad
218 2902 263 2955 oc
299 2901 526 2976 cooperante
553 2881 689 2960 Sorore
715 2881 832 2960 Clara
861 2881 1031 2959 Priorilsa
1060 2878 1282 2958 Monallerii
1317 2878 1354 2954 S.
1383 2878 1461 2959 Do·

113 2973 249 3056 minici
275 2977 494 3078 supradibli.
522 2982 574 3058 Et
599 2981 654 3062 ita
680 2979 819 3059 saelum
846 2980 898 3061 est
924 3036 937 3078 ,
964 2980 1278 3060 concurrentibus
1304 2975 1462 3059 licentia

112 3075 150 3154 8(
176 3074 297 3157 literis
323 3078 522 3179 supradidii
550 3082 808 3162 Reverendiss.
831 3081 1003 3182 Magistri
1031 3078 1189 3160 Ordinis
1216 3076 1281 3157 sibi
1308 3075 1355 3155 de
1380 3076 1461 3154 Co

117 3176 223 3256 lunia
249 3179 447 3260 scribentis
472 3209 575 3261 anno
597 3182 749 3282 praesato
775 3184 821 3260 de
848 3184 975 3263 mense
1004 3178 1263 3275 Decembris,
1298 3194 1462 3278 quorum

117 3295 227 3357 tenor
253 3280 340 3359 talis
365 3281 442 3378 esi,
468 3284 647 3363 videlicet
669 3312 679 3362 ε
702 3287 732 3330 “
754 3284 906 3364 Vicarie
938 3279 1215 3389 percharillime
1239 3305 1283 3359 ac
1304 3273 1465 3374 dilecte,

121 3432 149 3475 „
176 3379 256 3481 posi
284 3383 492 3464 cordialem
523 3384 564 3464 in
585 3385 743 3465 Christo
776 3385 933 3466 salutem
961 3442 972 3462 .
1010 3382 1152 3484 Recepi
1180 3383 1331 3461 literam
1358 3401 1464 3457 tuam

119 3530 147 3577 „
174 3484 322 3579 plenam
344 3486 545 3585 querelis,
579 3485 642 3567 cui
664 3487 768 3566 tarde
798 3486 1027 3590 respondeo,
1053 3506 1135 3565 tum
1163 3506 1314 3586 propter
1340 3480 1467 3598 passio

118 3628 146 3677 „
175 3606 241 3662 nes
266 3586 435 3686 corporis
461 3587 563 3683 mei,
589 3607 672 3667 tum
699 3589 816 3668 etiam
842 3589 933 3691 quia
963 3588 1163 3669 videbatur
1196 3584 1293 3664 milri
1320 3583 1478 3678 fecisse,

117 3734 143 3779 ,‚
166 3685 269 3783 quod
292 3685 522 3786 postulabas.
548 3688 873 3769 neminemnam
896 3712 934 3771 te
962 3687 1167 3790 fugitivum
1182 3686 1292 3767 illum
1314 3683 1465 3780 filium,

117 3832 143 3880 ,‚
169 3785 239 3883 qui·
263 3785 408 3887 fugerat
431 3790 579 3870 nonnisi
601 3788 732 3971 sans}
751 3789 965 3870 intentione
987 3845 1001 3887 ,
1026 3789 1153 3870 nescio
1180 3806 1309 3869 tamen
1336 3787 1362 3863 si
1389 3787 1463 3885 ple·

118 3936 144 3981 „
170 3910 218 3963 na
243 3887 489 3969 discretione.
516 3890 567 3970 Et
589 3891 700 3975 sorte
734 3912 755 3972 c
778 3889 903 3977 voluit
925 3890 1145 3986 Dominus,
1171 3916 1239 3992 pro
1260 3913 1345 3968 mea
1372 3910 1462 3965 con·

119 4036 145 4082 n
170 3987 394 4085 solatione,
436 3992 525 4091 quia
552 3993 744 4094 postquam
781 3993 838 4075 sui
876 3993 947 4075 hac
979 3993 1202 4073 infirmitate
1242 3993 1464 4081 detentus,
1579 4078 1581 4081 ¹

122 4096 152 4182 „'
171 4112 251 4167 non
285 4090 402 4170 habui
425 4113 502 4172 tarn
532 4093 718 4179 sincerum
751 4093 934 4199 gaudium
962 4096 1008 4175 de
1038 4095 1295 4192 cujuscunque
1319 4086 1460 4166 Fratris

119 4240 145 4286 „
170 4189 339 4271 visione.
379 4193 523 4274 Verum
549 4196 640 4298 quia
668 4195 758 4279 huic
786 4196 984 4300 principali
1045 4194 1176 4273 uerelae
1203 4213 1277 4271 tuae
1303 4187 1464 4269 sacetico

122 4336 150 4387 n
175 4291 354 4375 sunnone·
371 4296 570 4398 respondi3
595 4300 632 4377 8(
643 4322 710 4399 per
732 4320 960 4380 mercatores
982 4222 1105 4377 haino
1127 4319 1227 4374 nova
1247 4347 1262 4392 ,
1286 4290 1388 4392 quod
1409 4289 1462 4367 so

812 4464 816 4471 .
1289 4392 1414 4492 „spes
