3800 5342
331 370 688 472 ,Seueri
751 367 1215 459 Donrurcii‘
1323 355 1404 487 3'05

128 520 278 606 Marini
305 520 528 604 testamento
548 574 563 617 ‚
586 519 688 624 quod
716 518 833 599 biduo
856 538 1060 621 antequam
1086 546 1107 601 e
1132 521 1214 602 vira
1238 522 1470 620 decederet,

131 643 234 712 annu
259 617 403 704 scilicet
432 622 617 704 Mcccxii.
645 618 827 723 postrema
853 619 915 700 die
940 620 1077 704 niensis
1089 623 1208 799 1lunii
1233 625 1406 728 scripsit,
1431 626 1471 704 8(

129 725 174 803 in
198 722 367 826 publicas
394 723 539 802 tabulas
564 720 697 802 tetulit
724 723 855 800 Petrus
880 720 1062 801 Baccarus
1119 721 1362 825 rimicerius,
1397 728 1471 809 Ca·

130 817 310 912 llellanus
335 824 544 919 Notarius,
566 822 605 902 8(
631 820 790 901 Ducalis
815 820 925 903 Aula
952 821 1237 904 Cancellarius.
1264 825 1357 908 Hac
1382 827 1471 910 sunt

129 924 243 1028 ipsius
270 923 482 1003 testamenti
509 925 645 1003 verba.

183 1081 214 1123 ‚,
241 1026 338 1104 Item
377 1024 554 1127 volumus
579 1024 617 1102 8(
641 1022 892 1118 ordinamus,
926 1021 1031 1124 quod
1057 1023 1102 1103 de
1128 1024 1307 1106 omnibus
1340 1027 1475 1112 nolitis

131 1119 164 1228 ‚',
189 1125 299 1204 bonis
326 1125 510 1210 tollantur
536 1122 839 1207 libraeduomille
865 1124 903 1202 8(
927 1123 1169 1225 quingenta,
1194 1128 1257 1206 vel
1285 1129 1476 1230 usquead

131 1280 162 1325 „
188 1223 368 1305 triamille
394 1225 436 1306 in
462 1225 625 1306 emendo
651 1246 815 1323 terram,
839 1226 877 1306 8(
903 1222 1174 1306 inadificando
1200 1252 1321 1306 unum
1347 1229 1478 1309 locum

133 1380 166 1426 ‚,
189 1352 278 1408 cum
305 1327 495 1432 Echefia,
519 1325 558 1407 8(
582 1325 668 1407 aliis
693 1324 859 1408 officinis
885 1325 942 1406 ibi
962 1324 1195 1425 eonjundlis,
1221 1327 1314 1408 sicut
1338 1328 1479 1409 videbi-

131 1481 163 1527 „
189 1450 250 1507 tur
276 1428 407 1508 nostra
432 1427 690 1509 commissaria
715 1426 758 1507 in
785 1425 959 1507 Veneriis
986 1446 1171 1524 tantum,
1207 1427 1244 1508 8(
1271 1428 1480 1530 specialiter

132 1582 163 1626 „
190 1529 231 1605 iii
257 1527 431 1609 Civitate
451 1527 649 1626 Rivoalri,
675 1528 700 1606 si
728 1527 783 1608 ibi
810 1526 1011 1610 commode
1038 1527 1120 1608 lieri
1146 1529 1311 1631 poterit3
1337 1530 1479 1633 inqua

130 1683 164 1726 ,‚
188 1625 355 1708 Ecclesia
380 1629 418 1709 8(
442 1630 530 1712 loco
557 1629 759 1726 volumus,
785 1628 822 1708 8(
849 1628 1092 1725 ordinamus,
1146 1630 1221 1708 uod
1246 1629 1317 1709 sint
1328 1631 1479 1716 Fratres

130 1781 163 1827 „
186 1727 413 1826 duodecim,
437 1730 504 1830 qui
531 1728 601 1809 sint
627 1730 705 1831 apti
732 1729 779 1809 ad
804 1730 1100 1828 celebrandum,
1190 1731 1351 1811 debeant
1378 1730 1478 1812 cele·

132 1883 162 1930 „
189 1831 294 1910 brare
321 1853 389 1932 pro
414 1829 541 1910 anima
567 1830 691 1910 nollra
718 1849 900 2012 pcggtuo
926 1828 1056 1909 divina
1081 1825 1240 1927 officia,
1267 1855 1314 1910 eii
1340 1831 1480 1935 quibus

130 1984 162 2028 „
187 1956 265 2010 non
290 1930 425 2030 polliut
451 1929 522 2010 esse
548 1931 648 2011 ultra
673 1931 750 2010 duo
826 1928 968 2027 aversi,
993 1930 1061 2031 qui
1087 1930 1142 2008 ibi
1170 1957 1413 2034 permanere,
1438 1931 1493 2010 dr'

131 2083 162 2129 „
188 2029 358 2114 habitare
384 2030 546 2112 debeant
572 2031 615 2111 iri
638 2056 706 2134 per
756 2051 890 2126 tuum,
914 2030 958 2109 in
983 2029 1121 2130 quibus
1146 2031 1318 2128 officiis,
1342 2031 1379 2110 8(
1406 2033 1481 2133 spe·

26 2157 29 2162 ’
130 2130 333 2230 „cialiter
368 2132 407 2210 in
434 2129 548 2211 millis
582 2132 690 2233 quoti
720 2132 755 2211 ie
780 2129 1097 2212 commemoratio
1131 2132 1196 2212 fiat
1223 2127 1391 2211 nominis
1417 2157 1483 2211 no·

131 2286 163 2328 ‚‚
186 2231 270 2311 stri.
295 2232 348 2313 Et
373 2232 476 2335 quod
500 2232 647 2335 semper
671 2232 864 2313 celebrent
890 2231 1126 2313 anniversale
1142 2231 1334 2327 nostrum,
1362 2231 1484 2312 Patris

134 2386 164 2431 „
191 2329 345 2430 Nostri,
369 2333 471 2434 quod
498 2333 611 2416 debet
637 2332 821 2415 celebrari
846 2331 908 2413 die
935 2332 1140 2414 undecimo
1166 2353 1327 2414 exeunte
1353 2332 1483 2433 Julio,

135 2486 164 2531 ,‚
187 2433 225 2511 8(
252 2432 391 2513 Matris
418 2430 564 2515 Nollrae
590 2433 773 2516 Domina
786 2433 945 2529 Maria,
970 2434 1073 2550 quod
1099 2435 1211 2513 debet
1238 2432 1420 2515 celebrari
1441 2433 1483 2513 in

134 2588 165 2634 ‚,
189 2531 250 2613 die
275 2531 725 2635 sustineneamus,
749 2535 787 2615 8(
813 2535 1066 2715 suprasctilptaa
1092 2534 1222 2615 uxoris
1248 2531 1378 2620 nostra
1404 2532 1483 2632 (Α-

1014 2661 1094 2736 ra,
1120 2635 1221 2739 quod
1248 2636 1360 2716 debet
1386 2635 1482 2715 ccle-

132 2688 163 2735 ‚‚
215 2636 347 2734 netis,
371 2636 386 2734 l
412 2657 526 2740 atque
551 2638 727 2718 Helleira
753 2663 788 2737 q.
814 2636 902 2716 filia
929 2661 981 2715 no

133 2789 164 2835 ,‚
187 2659 291 2822 lteri
315 2735 378 2813 die
403 2736 556 2818 decimo
581 2736 748 2816 intrante
777 2734 942 2830 Medii,
978 2735 1047 2814 ubi
1073 2755 1165 2816 tunc
1191 2734 1334 2817 scilicet
1361 2735 1402 2816 in
1430 2736 1484 2815 di·

139 2887 168 2936 „
194 2831 253 2912 &a
278 2833 445 2914 Ecclesia
471 2831 565 2918 dini
587 2821 699 2932 loci,
726 2835 788 2915 vel
815 2834 858 2913 in
883 2833 1050 2915 Ecclesia
1077 2835 1299 2913 Sanliorum
1325 2838 1484 2934 Joannis

135 2989 166 3037 ,‚
190 2933 229 3011 8(
248 2933 381 3030 Pauli,
407 2934 562 3015 Ordinis
589 2937 764 3016 Fratrum
791 2935 1084 3016 Pradicatorum
1110 2933 1214 3031 juxta
1241 2935 1357 3013 altare
1384 2936 1487 3014 Cru-

134 3089 166 3137 „
189 3029 312 3114 eisin
337 3060 450 3116 muro
473 3035 648 3117 Ecclesia
675 3037 801 3118 versus
827 3034 1048 3116 Cleullrum
1074 3033 1293 3113 ordinamus
1319 3060 1422 3132 nos,
1448 3034 1487 3115 8<

136 3158 351 3238 „uxorem
378 3136 541 3217 nostram
569 3137 778 3219 honorifice
805 3135 948 3235 iacere,
975 3155 1018 3220 ut
1044 3134 1160 3215 nostri
1186 3133 1354 3215 nominis
1381 3158 1487 3215 com·

140 3292 170 3337 ‚‚
195 3237 512 3319 memorationem
548 3238 589 3317 iii
627 3238 784 3319 Divinis
820 3237 971 3318 Officiis
1003 3236 1222 3339 postponere
1257 3261 1336 3317 non
1373 3235 1524 3336 dedu·¹

137 3394 167 3438 „
191 3351 298 3418 ca'nt.
321 3339 402 3439 Qui
417 3341 563 3420 Fratres
574 3339 973 3441 volumus‚quodfint
986 3341 1031 3418 de
1044 3337 1190 3420 Ordine
1200 3338 1376 3418 Fratrum
1389 3337 1486 3415 Pra-

136 3493 168 3537 „
189 3439 427 3520 dicatorum.
446 3440 545 3519 Etsi
556 3438 721 3542 praesidii
735 3442 882 3521 Fratres
902 3440 1168 3519 l’radicatores
1194 3437 1336 3517 dilium
1350 3437 1486 3517 locum

139 3591 169 3638 „
194 3539 446 3621 &Ecclesiam
474 3566 554 3619 non
579 3542 858 3641 acceptaverint
884 3539 1112 3619 insraunum
1135 3564 1276 3653 annum
1291 3536 1489 3639 postquam

140 3692 169 3738 „
193 3663 259 3817 fer
285 3642 426 3721 nostros
452 3642 738 3722 Commissarios
764 3641 819 3722 eis
845 3638 1112 3722 denuntiatum
1136 3639 1282 3734 fuerit,
1310 3660 1399 3717 tunc
1421 3663 1488 3716 vo·

139 3793 169 3840 ,
212 3764 356 3836 umus,
382 3744 483 3841 quod
510 3742 623 3820 simili
650 3743 765 3821 modo
791 3741 1042 3821 denuncietur
1068 3742 1105 3819 8(
1132 3740 1374 3842 presentetur
1401 3737 1486 3852 Fra-

138 3893 169 3940 „
195 3838 316 3917 tribus
343 3841 499 3922 Ordinis
526 3843 754 3939 limorum,
779 3842 845 3945 qui
871 3842 942 3921 sint
969 3841 1011 3920 in
1037 3866 1080 3921 ea
1106 3838 1342 3941 quantitate,
1368 3837 1487 3937 quali·

141 3993 169 4038 „
197 3960 298 4034 tate,
322 3942 463 4041 modo,
488 3944 524 4022 8(
551 3944 708 4038 ordine,
734 3945 771 4023 8(
797 3941 1042 4039 conditione,
1068 3963 1111 4021 ut
1138 3941 1246 4042 supra
1271 3935 1414 4017 dilium
1432 3934 1487 4014 est

146 4093 174 4140 „
198 4041 244 4119 de
256 4040 451 4122 Fratribus
464 4045 796 4141 Prndicatoribus,
822 4043 1043 4145 quiedam,
1065 4039 1490 4151 liinsraunumannum

143 4194 172 4240 ,,
199 4139 391 4242 postquam
423 4170 489 4246 per
512 4146 654 4224 nollros
675 4142 962 4225 Commissarins
984 4143 1038 4222 eis
1059 4140 1329 4223 denunciatum
1352 4135 1492 4234 suerit,

144 4295 173 4339 ‚,
201 4266 277 4354 nqn
289 4245 593 4345 acceptaverint,
620 4267 711 4326 tunc
725 4247 928 4340 volumus,
954 4243 1056 4345 quod
1073 4239 1164 4321 sitin
1176 4238 1355 4342 potestate
1367 4238 1487 4315 Corn·

145 4395 173 4442 „
199 4343 450 4426 miliariorum
487 4345 698 4428 nostrorum
724 4347 820 4430 alios
846 4343 1061 4448 Religiosos
1086 4360 1315 4444 exemptos,
1348 4337 1417 4452 vel
1437 4336 1486 4417 de

245 4450 352 4534 Tum.
377 4451 456 4527 VH.
707 4469 714 4482 ·
981 4447 1059 4546 Qq
1144 4499 1148 4508 1
1307 4491 1335 4538 ,‚
1360 4434 1439 4518 istis
