3800 5342
414 254 417 259 Ι
475 323 562 405 420

408 441 644 546 displicentia
655 446 959 550 loquerentureii
968 473 1039 546 eo,
1062 447 1167 552 quod
1177 465 1309 552 prater
1329 468 1475 531 morem
1487 446 1648 531 aliarum
1661 474 1756 532 runc

408 545 484 644 do,
509 547 546 626 8(
572 547 700 645 stando
720 548 798 650 ipsa
828 576 934 635 oram
965 576 1089 654 cappa
1110 551 1270 632 deferret
1290 549 1331 629 in
1353 549 1508 652 capite,
1546 570 1588 629 ut
1609 548 1658 630 sic
1685 551 1753 631 lia·

411 644 528 727 bilius
548 648 673 730 secum
696 650 866 734 habitare
888 655 1003 755 pollet
1027 654 1130 750 juxta
1154 651 1432 754 dispositionem
1460 650 1655 747 cuiusdam
1677 653 1750 732 eel-

410 746 458 825 lar
479 751 680 847 mentalis,
700 779 819 854 -quani
842 754 909 834 sibi
931 753 1182 850 tradideram,
1206 755 1244 832 8(
1264 753 1341 852 ipsa
1360 752 1662 853 transcripserat,
1687 753 1751 835 sic·

409 872 483 949 que
495 849 631 951 melius
641 878 798 935 omnem
809 854 1088 939 distradiioneni
1101 854 1262 950 vitaret,
1287 853 1330 932 in
1342 855 1506 951 processu
1518 873 1647 934 raineri
1660 874 1753 935 tein-

410 948 513 1047 poris
533 977 667 1032 omnes
687 980 771 1036 eam
793 960 1088 1053 reverebantur,
1112 954 1149 1037 8(
1170 957 1216 1035 de
1237 954 1432 1051 moribus,
1456 954 1753 1054 &gestibussuis

409 1049 725 1152 adificarionem,
749 1058 786 1136 8(
806 1059 1124 1160 complacentiam
1147 1058 1285 1159 pariter
1306 1057 1569 1157 reportabant.
1598 1055 1753 1157 Insuper

404 1154 724 1236 'tamSclavarum
745 1174 866 1261 quam
881 1161 1041 1241 aliarum
1063 1184 1268 1261 pauperum
1290 1159 1531 1260 personarum
1554 1156 1754 1256 gratiami·

411 1251 518 1335 nime
542 1258 692 1357 caruit,
716 1259 775 1340 sed
795 1261 902 1355 illam
923 1262 1038 1342 etiam
1061 1260 1272 1362 specialiter
1293 1257 1535 1361 reportavit,
1560 1283 1651 1349 cum
1677 1258 1752 1360 ipsa

410 1352 557 1436 efficaci
580 1359 764 1440 charitate
786 1362 928 1443 eisdem
950 1358 1242 1457 suinerafferta,
1269 1361 1664 1455 nontantumverbo,
1691 1358 1753 1440 vel

408 1452 565 1555 lingua,
586 1460 655 1574 ,sed
671 1487 803 1563 opere,
829 1463 1038 1544 &veritate
1061 1464 1156 1565 ipsas
1179 1463 1362 1580 precipue
1383 1460 1601 1575 diligendo,
1626 1462 1753 1577 &rana

410 1558 655 1656 corporaliter
676 1617 692 1657 ,
715 1589 829 1663 quarn
850 1565 1093 1665 spiritualiter
1112 1565 1175 1653 eis„
1191 1564 1231 1644 in
1253 1565 1327 1644 suis
1353 1562 1631 1643 necessitatibus
1649 1564 1752 1642 beni-

410 1679 507 1754 gne,
534 1659 570 1735 8(
591 1661 754 1742 dulciter
773 1669 1029 1762 occurrendo,
1056 1687 1098 1744 ut
1121 1685 1221 1764 patet
1242 1684 1289 1744 eir
1311 1661 1557 1766 supradidiir.
1593 1664 1645 1740 Ec
1664 1689 1753 1742 euni

410 1756 452 1832 in
478 1756 541 1835 sua
567 1760 772 1860 supradidia
799 1765 936 1845 ultima
963 1767 1184 1867 aegritudine
1211 1792 1276 1866 per
1301 1766 1381 1846 dies
1407 1765 1554 1864 aliquos
1581 1767 1751 1864 perdura·

408 1876 493 1969 pet,
518 1884 652 1941 ornnes
672 1863 789 1962 ipsam
809 1868 947 1969 quovis
970 1869 1316 1964 modonoscenrer,
1343 1865 1627 1960 nonobstante,
1652 1864 1755 1966 quod

409 1955 663 2042 infirmaretur
683 1966 729 2045 de
752 1967 876 2069 peste,
897 1995 1012 2070 quam
1038 1969 1201 2072 quilibet
1224 1967 1446 2048 naturaliter
1467 1963 1692 2063 detestatur,
1718 1967 1754 2045 &

409 2057 565 2153 horret3
590 2084 759 2149 attamen
779 2071 1007 2171 generaliter
1028 2069 1221 2188 utriusque
1243 2067 1752 2170 seiriupersonaeabtqueali·

409 2182 486 2257 quo
507 2162 755 2268 retinaculo,
780 2172 841 2253 vei
865 2193 1041 2269 terrore,
1066 2196 1242 2272 quinimo
1266 2196 1353 2250 cuni
1383 2168 1559 2270 singulari
1586 2168 1754 2249 devotio-
1887 2182 1888 2187 '

409 2284 482 2354 ΠΕ,
508 2268 808 2368 complacentia,
833 2273 871 2352 8(
892 2275 1048 2354 dulcore
1075 2275 1122 2352 ad
1144 2272 1258 2373 ipsam
1285 2272 1504 2350 visitandam
1527 2269 1752 2365 mirabiliter

397 2369 707 2466 concurrebant,
733 2373 849 2472 ipsam
872 2374 1000 2455 videre
1022 2376 1203 2455 habentes
1225 2398 1291 2475 pro
1311 2368 1615 2473 gratiaspeciali.
1643 2370 1753 2450 Erfic

408 2485 489 2538 earn
516 2466 710 2568 videnter,
735 2476 772 2553 8(
791 2474 989 2556 audientes
1007 2477 1178 2556 adificati
1199 2473 1555 2577 quamplurimum,
1581 2471 1619 2550 8(
1645 2496 1747 2551 com

405 2560 562 2675 pandi,
587 2568 726 2653 sandias
746 2573 1034 2673 inspirationes,
1062 2580 1161 2656 bona
1175 2574 1381 2676 proposita,
1407 2572 1750 2675 &spiritualesgra
1887 2582 1888 2585 '

407 2680 478 2772 rias
500 2689 759 2768 reportarunt.
787 2676 838 2756 Et
862 2696 906 2755 ut
927 2677 974 2757 de
995 2677 1071 2779 ipsa
1093 2680 1215 2758 sermo
1236 2677 1359 2756 finalis
1378 2675 1631 2755 claudaturex
1645 2696 1767 2777 totot-

403 2787 447 2840 in
470 2784 618 2847 tantuin
640 2774 869 2871 dotatae-rar
889 2778 1011 2878 gratia
1041 2778 1109 2867 sibi-
1129 2779 1298 2869 concessa
1319 2803 1339 2854 a
1364 2776 1537 2855 Domino
1562 2774 1756 2876 speciali,
1886 2866 1887 2873 Ν

403 2867 506 2961 quod
531 2872 630 2950 nulii
655 2873 778 2956 fuisset
804 2879 933 2958 locuta
960 2881 1151 2980 personae,
1176 2881 1236 2959 vei
1259 2878 1377 2957 etiarn
1395 2899 1746 2978 quantumcumque

404 2989 493 3042 cuni
520 2970 646 3071 aliqua
673 2981 921 3075 conversata,
942 2980 1036 3081 quiri
1063 2979 1235 3081 protinus
1261 2980 1305 3058 ad
1334 2977 1449 3080 ipsius
1471 2977 1753 3073 dileslionem,
1886 3032 1887 3035 κ

405 3065 442 3142 8(
469 3068 707 3155 affesiionem
735 3079 971 3180 singulariter
996 3083 1085 3161 esset
1110 3079 1246 3162 tradia.
1273 3080 1435 3176 Ethoc,
1464 3101 1504 3157 ut
1518 3076 1655 3159 dierum
1670 3077 1747 3173 est,
1886 3144 1887 3149 i

404 3191 557 3271 propter
583 3177 731 3276 copiam
760 3182 925 3279 gratia,
965 3207 1078 3283 quam
1117 3182 1303 3285 praecipue
1339 3181 1539 3260 invenerat
1565 3178 1751 3280 pra-aliis

405 3271 504 3371 apud
518 3273 675 3373 Deum,
700 3281 738 3356 dc
763 3283 901 3380 abipso
914 3285 1002 3367 Deo
1027 3305 1241 3387 receperat,
1263 3283 1621 3384 :propterquodiani
1636 3282 1754 3374 Deo,

406 3395 520 3486 quam
549 3375 775 3460 hominibus
800 3383 932 3479 taliter,
955 3385 1140 3485 gratiosa,
1166 3406 1278 3485 arque
1305 3382 1441 3463 disesia
1471 3382 1609 3461 merito
1636 3380 1748 3461 inser·

405 3498 438 3554 ri
465 3473 610 3571 potest,
634 3479 670 3556 8(
697 3482 862 3562 finaliter
888 3486 1065 3567 concludi
1093 3487 1138 3566 de
1159 3486 1241 3586 ipsa
1270 3484 1516 3585 illud,‚quod
1542 3483 1588 3562 de
1612 3482 1750 3584 Moyse

406 3574 587 3685 scriptum
615 3580 666 3658 est
694 3583 940 3671 Ecclesiastici
967 3616 1029 3686 45.
1052 3613 1130 3686 cap
1154 3586 1332 3666 videlicet
1355 3616 1364 3665 ε
1391 3568 1543 3665 Dikaia
1561 3591 1677 3697 Deo,
1700 3582 1746 3662 (5

402 3677 633 3778 bomrmbiir,
661 3685 830 3763 Domina
857 3688 923 3767 iiia
945 3690 1014 3766 Sor
1042 3714 1058 3766 r
1088 3690 1212 3769 Maria
1238 3713 1251 3782 ς
1287 3687 1389 3783 ciijiir
1417 3713 1593 3766 memoria
1629 3713 1670 3763 iri
1696 3686 1750 3763 ie·

404 3774 611 3897 irrdidir'one
636 3790 714 3885 est,
732 3784 895 3886 sterilem
923 3717 1038 3867 illari
1053 3787 1148 3890 serit
1173 3783 1358 3885 ingloria
1382 3786 1600 3866 ianuarum
1625 3845 1635 3865 .
1674 3787 1754 3888 lpse

363 3974 367 3979 ¹
405 3881 585 3994 videlicet
612 3885 714 3983 Jesur
741 3889 819 3984 eius
846 3913 1006 3970 aternus
1017 3891 1200 3991 Sponsus.
1227 3890 1306 3969 Cui
1335 3914 1526 3969 unacum
1556 3892 1686 3984 Patre,
1712 3889 1750 3966 dc

355 4032 359 4037 >
403 3986 545 4082 Spiritu
574 3984 710 4066 Sanno
735 3988 779 4067 sir
806 3990 953 4090 honor,
979 3991 1017 4070 8(
1043 3992 1188 4092 gloria,
1214 3991 1252 4070 8(
1277 3991 1484 4092 gratiarum
1511 3989 1614 4069 adlio
1638 3989 1752 4071 inse-

406 4087 492 4168 cula
519 4084 765 4168 saeculorum.
794 4094 939 4173 Amen·

418 4236 427 4245 -
504 4188 673 4286 Explicit
699 4192 876 4291 Legenda
902 4191 1116 4294 supradinae
1143 4190 1288 4274 disesia
1299 4192 1443 4274 Christi
1457 4190 1751 4310 SoporitMaria

556 4290 602 4367 de
632 4292 802 4372 Veneriis
830 4295 987 4381 Ordinis
1013 4293 1059 4375 de
1089 4294 1320 4377 Purnirentia
1347 4297 1383 4375 S.
1408 4296 1689 4475 ΒωηιιιέῑδξἨ
