3800 5342
489 374 575 460 218

425 529 482 613 ret
507 549 598 606 eum
622 519 854 701 interpam
879 514 928 597 re
953 513 1062 616 aras,
1086 515 1287 600 videmur
1312 514 1380 599 fin
1404 509 1768 622 ,uninomina

427 629 550 714 lellus
574 627 729 706 baberet
769 618 1033 717 estinantiam,
1058 620 1097 700 u
1122 644 1169 699 ex
1197 621 1271 700 hoc
1296 620 1439 703 diceret
1465 619 1533 701 libi
1559 647 1571 701 τ
1596 616 1671 702 Hic
1689 642 1767 720 pro·

423 752 474 834 pe
495 726 594 832 adesi
613 733 660 805 But
676 720 1029 903 Himongmusmf
1060 729 1101 800 Β.
1125 720 1315 838 Martinus
1335 721 1584 825 confessores,
1620 718 1687 823 qui
1710 749 1766 803 me
1871 742 1873 767 ¹

428 828 627 933 expertam
657 854 667 873 ·
692 827 730 906 lit
755 827 790 904 dt
833 851 857 902 o
883 823 958 903 hoc
984 824 1046 903 dts
1064 846 1195 904 aruit.
1221 824 1389 905 Cuidarn
1417 826 1603 926 postremo
1628 825 1768 905 Sanbli·

425 892 667 1047 monialieli
692 928 734 1006 in
761 924 904 1006 vidone
928 849 1140 1043 ostendum,
1165 926 1329 1030 qualiter
1355 926 1654 1045 dibiospomini
1681 927 1768 1010 dile·

429 1036 512 1119 atus
537 1052 617 1114 erat
654 1054 696 1108 tn
721 1053 859 1128 magna
893 1028 1016 1129 glorta
1038 1050 1193 1146 propter
1228 1029 1300 1109 succ
1327 1029 1525 1110 charitatis
1548 1029 1768 1109 servorem.

429 1139 495 1221 De
518 1131 746 1236 quibusdam
782 1149 911 1209 autem
946 1129 1142 1212 miracolis
1166 1129 1339 1229 auditis,
1373 1132 1412 1212 8<
1438 1156 1504 1234 per
1530 1154 1592 1211 me
1618 1129 1706 1210 visis
1731 1131 1770 1211 in

429 1235 613 1340 scriptis,
646 1232 793 1316 tamin
818 1230 934 1329 vita,
985 1258 1073 1312 uam
1099 1231 1181 1337 post
1205 1254 1370 1314 mortem
1397 1231 1552 1338 patratis
1578 1230 1773 1314 medianti-

427 1343 500 1422 bus
525 1336 750 1441 quibusdam
777 1331 941 1415 vestibus
957 1257 1122 1416 1babitus
1147 1335 1227 1433 sui,
1252 1334 1290 1416 8<
1315 1334 1614 1439 apparitionibus
1634 1335 1772 1417 suisdi·

427 1441 546 1524 mitto
573 1437 637 1520 bic
662 1437 905 1540 superaddere
931 1436 977 1517 ad
1003 1436 1263 1540 prolixitatem
1290 1437 1508 1519 vitandam.

481 1542 759 1622 Verumtamen
784 1539 831 1620 ad
856 1539 1203 1620 commendationis
1238 1540 1391 1637 maioris
1416 1540 1617 1622 cumulum
1644 1537 1771 1620 diledti

427 1643 619 1739 Domini,
643 1642 761 1725 etiam
789 1640 862 1722 hoc
890 1665 1021 1744 parum
1047 1641 1166 1721 addo.
1194 1640 1411 1737 Videlicet,
1435 1639 1774 1745 quodsupradiblut

426 1749 473 1832 F.
492 1743 893 1850 JobannesDominici
917 1741 1020 1825 mihi
1045 1741 1219 1843 alieruit,
1244 1744 1445 1826 &asserere
1473 1744 1608 1825 habuit
1634 1742 1771 1848 psautier

429 1872 559 1936 eoram
586 1847 719 1928 multis
745 1846 976 1948 :quomodo
1002 1843 1102 1926 inter
1127 1846 1202 1926 alia
1229 1870 1424 1948 nunquam
1450 1844 1614 1929 similem
1643 1845 1772 1942 vidit,

318 2042 322 2051 p
427 1952 493 2033 vel
518 1949 682 2031 fimilem
709 1945 844 2027 babuit
870 1946 912 2029 in
938 1946 1180 2045 obedientia,
1204 1971 1288 2048 qua
1313 1945 1483 2043 condis,
1508 1948 1546 2026 a<
1570 1946 1675 2027 votis
1700 1972 1773 2026 om·

428 2054 543 2133 nibus
567 2049 796 2133 antesertur.
822 2049 990 2129 Etcum
1018 2070 1110 2130 tunc
1136 2046 1257 2129 didius
1284 2050 1414 2130 Frater
1438 2049 1631 2150 Johantres
1656 2047 1772 2129 anua·

428 2155 519 2236 liter
555 2155 698 2254 legeret
730 2152 777 2232 in
812 2152 1025 2233 Conventu
1051 2150 1275 2231 bandorum
1302 2150 1486 2252 Iohannis
1522 2150 1697 2231 &nauli
1731 2148 1772 2230 li·

428 2258 542 2339 brom
565 2254 820 2338 Canticorum
846 2254 955 2354 super
981 2252 1052 2332 illo
1078 2254 1198 2331 verbo
1219 2306 1234 2347 ,
1255 2253 1358 2354 quod
1384 2252 1451 2332 fibi
1475 2272 1569 2334 tunc
1593 2252 1794 2354 temporis·
1876 2292 1877 2351 t

428 2358 676 2457 occurrebat,
703 2355 903 2435 videlicet:
930 2352 1064 2433 sardica
1089 2350 1207 2448 mibi,
1232 2378 1341 2453 quem
1366 2348 1440 2433 dili
1463 2351 1496 2434 ἐν
1517 2352 1741 2433 animamur
1751 2380 1769 2455 ;

456 2460 654 2560 uamplura
678 2458 791 2537 laude
817 2455 932 2555 digna
956 2456 1004 2535 de
1030 2455 1132 2535 dieto
1160 2455 1323 2536 Domini
1352 2383 1528 2555 allego,
1554 2457 1595 2536 in
1623 2457 1700 2559 ipsa
1725 2458 1771 2536 le·

427 2482 557 2649 guone
583 2557 740 2638 inseruit
767 2559 808 2640 in
837 2558 941 2638 hunc
968 2557 1147 2636 modum.
1173 2559 1201 2603 “
1230 2557 1450 2639 Videlicet:
1477 2556 1628 2661 Quaerit
1655 2556 1772 2638 sanda

430 2714 460 2761 „
485 2685 594 2741 mens
620 2659 762 2762 ipsam,
788 2682 901 2762 quam
930 2680 1033 2737 amat
1060 2655 1278 2760 sapientiam
1293 2658 1488 2740 invenire.
1517 2662 1566 2740 Et
1579 2660 1771 2742 inventam

429 2816 458 2864 ‚,
484 2762 525 2842 in
548 2762 585 2843 se
612 2760 835 2841 naturaliter
860 2758 1078 2841 latitantem
1104 2781 1235 2842 exorat
1261 2759 1406 2843 dicens:
1433 2756 1565 2842 Indica
1587 2758 1772 2843 mihim.

430 2918 461 2965 „
485 2865 580 2946 Non
607 2862 712 2945 vadit
737 2865 783 2942 ad
811 2860 1086 2963 Philosophos,
1111 2888 1189 2943 non
1213 2862 1263 2943 ad
1290 2863 1521 2966 Prophetas,
1547 2863 1681 2968 utique
1709 2887 1773 2942 nec

429 3020 458 3072 „
486 2966 656 3070 amalus
682 2964 779 3068 ipsos
805 2962 963 3065 requirit
985 2990 998 3057 ς
1023 2964 1084 3043 sed
1109 2963 1258 3046 cuodlis
1283 2964 1369 3045 aliis
1396 2964 1477 3083 poll
1502 2969 1539 3044 sc
1564 2965 1775 3061 dereliblis,

429 3092 459 3168 4,
484 3069 608 3175 solum
635 3067 646 3147 i
674 3069 758 3147 sum
784 3066 913 3145 &um
937 3064 1170 3176 inventum,
1196 3065 1376 3168 &magis
1401 3068 1675 3150 inveniendum
1698 3090 1776 3168 pre·

430 3225 460 3273 ‚,
483 3190 617 3269 catur,
642 3094 680 3251 gt
706 3166 831 3249 dicit:
857 3161 993 3251 ludica
1011 3164 1126 3247 mibi.
1155 3168 1310 3248 Necesse
1337 3167 1391 3247 eli
1416 3191 1544 3249 autem
1569 3225 1583 3267 ,
1604 3190 1647 3249 ut
1672 3167 1777 3247 inve·

431 3326 460 3375 ,‚
486 3273 591 3369 nint,
614 3271 705 3374 quia
729 3266 887 3371 quatit,
913 3287 958 3347 ut
982 3270 1116 3350 debet.
1142 3269 1580 3370 SicutqoaesrvitDD.&
1606 3270 1777 3363 invenit3

430 3429 460 3477 „
484 3393 528 3452 ut
554 3393 658 3474 patet
695 3370 734 3449 in
762 3370 939 3471 psalmo,
973 3370 1014 3450 in
1041 3394 1119 3472 quo
1145 3370 1238 3451 dicit
1274 3372 1311 3451 sc
1337 3368 1500 3556 introige
1535 3372 1576 3451 in
1594 3369 1778 3473 potentias

430 3529 461 3575 ,‚
485 3471 666 3571 Domini,
692 3471 782 3553 licet
809 3469 1044 3552 literaturam
1074 3472 1285 3572 ignoraret.
1311 3474 1418 3554 Sicut
1507 3475 1610 3557 filius
1631 3475 1778 3577 ejusst·
1877 3468 1878 3519 ³

429 3629 460 3676 ‚,
485 3575 620 3657 lomon
672 3576 786 3676 .Reg.
800 3603 832 3675 3.
857 3573 1080 3677 sapiendam
1105 3574 1285 3654 obtinens
1310 3575 1419 3675 super
1443 3602 1576 3658 omnes
1589 3576 1779 3681 Principes

432 3731 462 3777 ,‚
488 3697 625 3758 terra.
703 3701 745 3757 ac
771 3675 888 3755 etiam
917 3676 981 3753 via
1007 3675 1075 3755 sub
1101 3700 1243 3776 quercu
1270 3674 1307 3754 8<
1334 3677 1419 3781 sago
1445 3679 1626 3759 oratione·
1642 3681 1778 3760 devota
1877 3748 1878 3755 t

429 3832 460 3881 ‚,
484 3778 716 3875 bernardus,
742 3777 780 3859 ἃ
808 3778 983 3858 Thomas
1008 3775 1134 3859 effecti
1160 3779 1245 3857 sunt
1274 3780 1408 3858 niundi
1433 3780 1606 3861 doctores
1626 3830 1643 3860 ,ι
1676 3778 1779 3881 Quid
1877 3848 1878 3861 r

431 3934 461 3983 „
488 3884 673 3984 preterita
693 3880 961 4060 prosepuimur
987 3901 1066 3958 tam
1094 3886 1265 3961 remota?
1294 3881 1471 3962 Vidimus
1498 3883 1621 3963 oculis
1648 3880 1777 3963 nolitis

430 4018 462 4084 3,
486 4008 617 4065 carum
644 3982 681 4065 8(
710 4004 803 4083 uper
830 3981 986 4061 alecium
999 3983 1169 4062 Fratrem
1197 3982 1390 4079 nostrum,
1417 3985 1523 4080 cujus
1551 3984 1636 4064 heri
1666 3985 1779 4084 lacry-

435 4139 465 4184 „
491 4085 607 4168 mosic-
629 4086 853 4186 singultibus
879 4084 1145 4182 corpusculum
1172 4085 1284 4185 nobis
1311 4086 1782 4173 reliblumtradidinlusse·

431 4239 460 4288 ‚,
511 4192 681 4287 ulturae,
718 4186 849 4287 spiritu
875 4186 964 4264 coeli
994 4187 1133 4265 secreta
1148 4209 1311 4288 »petente
1338 4218 1348 4268 ε
1386 4190 1427 4267 F.
1457 4188 1639 4270 videlicet
1667 4189 1780 4269 Nico·
1877 4226 1878 4245 l

431 4344 460 4391 ,‚
480 4213 590 4371 fnum
630 4289 799 4368 Priorem
835 4289 872 4367 S.
911 4286 1111 4367 Dominici
1149 4316 1338 4370 annorum
1376 4313 1517 4370 xxvtr..
1537 4316 1654 4394 quem
1691 4292 1779 4369 dum

409 4420 460 4490 *„
485 4391 611 4476 adhuc
637 4389 849 4489 ordiretur,
873 4386 984 4496 pestis
1009 4392 1182 4477 mortalis
1200 4392 1381 4475 succidit.
1407 4392 1531 4497 Cujus
1543 4393 1783 4575 lanciadmenc

480 4540 486 4549 “
1466 4546 1469 4553 ’
1597 4522 1658 4597 „a
1685 4518 1733 4574 00
