3800 5342
486 355 572 460 336
723 348 825 432 Da
887 343 1455 424 Mouas‘runao

420 523 570 582 etatem
597 491 829 576 demeritam
855 489 1057 596 existentia
1083 486 1189 570 dieta
1202 487 1330 570 Crucis
1343 486 1465 591 fidem
1484 485 1657 588 facerent
1678 540 1694 586 ,
1716 483 1766 566 δ’
1883 533 1884 538 ¹

290 597 296 612 ’
421 600 723 707 testificarentur.

481 703 638 800 Digitus
664 701 699 779 S.
727 697 948 776 Catharinae
985 696 1155 778 Senensis
1181 695 1354 798 Virginis
1389 694 1513 774 adhuc
1539 715 1656 772 carne
1683 714 1766 771 coo

424 826 576 908 pertus,
600 826 738 902 quem,
766 824 807 876 ut
831 799 958 878 videre
980 798 1031 880 est
1054 801 1094 884 iu
1120 797 1198 895 ejus
1225 799 1410 894 eradium,
1434 795 1580 878 obtulit
1591 791 1766 872 Thomas

421 908 468 984 de
481 903 587 982 Senis
614 903 778 994 ejmdem
792 901 903 978 Divae
925 902 1020 978 olim
1043 900 1386 981 aconseffionibus.
1413 899 1632 998 Asservatut
1654 893 1768 973 etiam

419 1031 468 1086 ex
482 1004 591 1106 ipsius
604 1004 643 1080 B.
658 1004 820 1080 Thomae
834 1027 988 1082 munere
1003 1002 1041 1079 in
1054 1002 1180 1102 lignea
1201 1003 1349 1103 capsula
1360 998 1543 1103 crystallis
1561 995 1768 1078 circumor·
1885 1017 1886 1060 l

419 1106 686 1197 nataVelum,
711 1103 748 1182 8(
778 1102 897 1181 Vestis
925 1105 1181 1203 vulgocappa
1201 1105 1312 1206 ipsius
1334 1101 1546 1202 Seraphicae
1567 1094 1766 1198 Virginis,
1885 1095 1886 1112 ¹

421 1207 485 1288 cui
508 1206 651 1283 adnexa
680 1203 808 1292 visitur
837 1229 1061 1306 pergamena
1086 1206 1241 1308 epistola
1263 1209 1361 1284 Ven.
1375 1205 1413 1283 P.
1426 1200 1700 1281 Bartholomaei
1720 1197 1766 1278 de
1886 1267 1887 1288 ,

286 1373 288 1376 a
418 1312 606 1388 Ravenna
635 1329 681 1385 ex
704 1306 848 1384 Ordine
869 1307 1105 1388 Cartustense
1134 1307 1323 1387 Monachi
1350 1307 1435 1385 data
1448 1302 1670 1382 Venerando
1693 1301 1767 1378 Re·
1886 1349 1887 1352 ¹

418 1408 558 1509 ligiosu
590 1409 649 1486 Fr.
675 1409 838 1486 Thomae
862 1409 1024 1487 Antonii
1059 1410 1104 1488 de
1136 1410 1244 1490 Senis
1264 1408 1420 1488 Ordinis
1442 1404 1773 1495 Praedicatorum,

418 1512 485 1589 die
508 1533 647 1588 xxv11.
674 1507 853 1588 Odobris
879 1536 980 1589 anno
1008 1510 1171 1589 Domini
1202 1512 1400 1589 Mccccxt.
1438 1507 1479 1584 in
1503 1528 1578 1606 qua
1598 1504 1768 1606 quaedam

383 1611 518 1691 'mira
539 1611 748 1690 afferuntur
780 1611 826 1689 ad
858 1610 1140 1691 contestandam
1175 1599 1612 1705 VenerabilisVirginis
1633 1601 1771 1684 senui·
1887 1679 1888 1702 Ν

376 1755 380 1776 ‹
419 1733 575 1808 tatem,
612 1711 763 1811 eiusque
796 1715 893 1813 apud
915 1716 1044 1793 Deum
1080 1714 1243 1792 validam
1272 1709 1574 1792 intercessionem
1602 1706 1768 1796 maxime
1887 1775 1888 1780 t

419 1812 1480 1915 opportuna.Epistulamhanc,nondum,quodsciam,
1538 1806 1771 1911 piseditam,
1887 1849 1888 1854 ¹

423 1918 470 1996 ad
493 1915 702 2015 Seraphicae
724 1915 944 1995 Catharinae
975 1917 1169 2018 gloriam,
1196 1940 1308 2017 atque
1330 1912 1441 2017 ipfius
1461 1938 1509 1996 eu
1529 1933 1613 1992 tum
1633 1932 1768 2011 augen-

423 2018 516 2096 dum
540 2018 730 2122 optimum
750 2018 878 2097 censui
903 2019 944 2095 in
975 2021 1100 2100 lucem
1128 2018 1278 2099 afferre.
1888 2027 1889 2110 ζ

472 2172 500 2216 „
526 2119 709 2198 Et'ernam
736 2119 881 2235 Cluilli
910 2121 1105 2217 Salutem,
1132 2123 1168 2202 8(
1190 2148 1321 2225 pacem
1344 2180 1354 2200 .
1377 2122 1512 2202 OMi:
1540 2113 1767 2200 Venerande

419 2272 447 2318 ‚,
473 2221 618 2300 Pater.
658 2222 727 2300 Per
753 2224 914 2302 Litteras
953 2224 1295 2326 instanterpetitis
1335 2247 1411 2306 tam
1449 2224 1637 2301 aRevet.
1666 2221 1772 2296 Patre

420 2375 448 2421 „
474 2321 600 2400 nostro
626 2321 802 2400 Domino
837 2327 1031 2425 Stephano
1068 2326 1115 2404 de
1139 2327 1249 2406 Senis
1277 2326 1406 2408 Priore
1444 2325 1556 2420 hujus
1587 2315 1773 2400 Monate·
1889 2353 1890 2368 ¹

421 2478 448 2521 „
473 2421 521 2500 rii
547 2425 583 2501 S.
612 2422 747 2501 Mariae
774 2425 819 2503 de
847 2427 979 2505 Gratia
1006 2426 1121 2507 nostri
1148 2426 1397 2533 §artufienfis
1435 2451 1550 2542 prope
1579 2421 1774 2523 Papiam·
1889 2441 1890 2462 ³

420 2576 449 2622 „
474 2548 588 2622 quam
616 2524 662 2638 de
689 2524 897 2625 parvitate,
923 2528 961 2606 8(
991 2529 1208 2608 humilitate
1236 2555 1345 2626 mea,
1373 2550 1414 2608 ut
1441 2525 1655 2625 inscriptis
1681 2519 1774 2602 redi·

421 2677 450 2720 „
475 2649 563 2725 gere
586 2624 773 2725 velamus,
798 2652 880 2728 quae
909 2653 996 2710 vera
1025 2632 1131 2727 sunt,
1158 2632 1316 2710 &laude
1343 2631 1481 2729 digna,
1507 2654 1550 2708 ac
1577 2623 1790 2724 memoria*

422 2777 451 2822 ‚,
477 2726 734 2842 comendanda
764 2730 809 2808 de
836 2731 984 2828 Beata,
1021 2754 1134 2833 atque
1161 2732 1335 2812 Gloriosa
1374 2731 1533 2832 Virgine
1560 2726 1774 2808 Catharina

421 2827 522 2923 „de
548 2828 689 2927 Senis,
725 2830 830 2928 cujus
867 2832 1103 2914 mirabilium
1135 2835 1332 2914 Virtutum
1372 2855 1429 2914 tot
1458 2834 1541 2916 sunt
1572 2828 1708 2909 Testes
1734 2828 1773 2907 in

423 2979 451 3025 ‚,
479 2927 632 3045 Mundo
658 2957 747 3012 cum
786 2960 830 3014 ea
855 2936 1102 3032 conversati,
1136 2939 1225 3018 dum
1254 2959 1381 3036 ageret
1409 2936 1449 3015 in
1485 2933 1665 3014 humanis
1691 2959 1706 3027 3
1741 2929 1777 3014 8<

420 3081 451 3130 „
475 3034 765 3148 quiapraesatus
794 3036 901 3116 Pater
929 3038 1052 3126 noller
1067 3040 1260 3120 Dominus
1272 3041 1486 3141 Stephanus
1510 3035 1663 3140 copiose
1691 3057 1780 3111 con·

423 3183 452 3229 „
478 3135 608 3213 scribat
635 3136 680 3214 de
708 3138 960 3238 excellentia,
985 3141 1281 3222 &multitudine
1306 3143 1492 3221 virtutum
1523 3135 1676 3242 prasarae
1692 3133 1780 3212 Vir·

424 3284 453 3332 „
478 3233 601 3413 {inm
629 3258 762 3337 utpote
789 3266 876 3319 cum
904 3267 948 3321 ea
976 3243 1042 3322 diu
1068 3247 1335 3341 conversatus,
1361 3245 1456 3323 &ab
1484 3268 1529 3322 ea
1553 3237 1707 3340 spiritus
1731 3235 1779 3314 la·

425 3339 455 3432 ⁴„
518 3359 538 3412 e
567 3339 733 3453 nutritus
761 3369 770 3418 :
798 3343 1053 3426 nihilominus
1081 3371 1199 3446 pauca
1225 3401 1239 3442 ,
1265 3371 1348 3447 quar
1375 3345 1493 3442 novi,
1518 3342 1566 3422 ad
1591 3337 1774 3420 notitiam

421 3487 450 3533 „
477 3434 681 3550 hommum
709 3465 858 3525 narrare
885 3448 1029 3527 curabo
1053 3502 1067 3543 ,
1095 3448 1310 3549 prateriens
1335 3447 1530 3549 grandia,
1565 3444 1605 3522 8(
1631 3438 1776 3522 excelsa

422 3587 451 3633 „
477 3557 691 3653 virtutum,
716 3545 854 3646 quibus
883 3548 922 3627 in
952 3548 1027 3627 hoc
1056 3550 1209 3628 Mundo
1236 3551 1366 3632 floruit
1393 3604 1407 3647 ,
1443 3546 1627 3628 videlicet
1654 3539 1775 3624 cordis

301 3705 304 3712 ,
422 3689 452 3744 „
478 3661 664 3755 puritate,
681 3647 1018 3762 ‘contemplatione
1046 3648 1222 3750 singulari
1246 3652 1450 3732 caelestium
1475 3652 1694 3743 bonorum,
1716 3667 1775 3724 eo

423 3789 453 3835 „
479 3762 655 3861 gnrttone
680 3770 931 3846 interiorum,
957 3750 995 3836 8(
1021 3755 1262 3832 occultorum
1282 3753 1486 3833 hominum
1508 3752 1776 3841 Secretorum,

422 3890 451 3937 „
477 3841 870 3965 Prophetraesspiritu,
898 3853 1142 3950 humilitate,
1163 3855 1369 3956 patientia,
1389 3852 1645 3946 abstinentia,
1670 3847 1778 3928 mise·

425 3947 666 4044 „r1cord1a,
692 3975 732 4028 m
758 3954 896 4052 quibus
923 3956 1131 4034 virtutibus
1157 3981 1286 4036 coram
1314 3959 1426 4054 Deo,
1451 3956 1489 4037 8(
1517 3952 1677 4053 Angelis
1696 3948 1778 4048 eius

422 4092 450 4138 „
477 4043 622 4144 testor‘,
660 4075 867 4154 numquam
897 4081 959 4135 me
982 4055 1111 4135 uidisse
1139 4056 1299 4138 similem
1325 4058 1365 4137 in
1395 4056 1619 4138 hominibus
1644 4050 1779 4130 viven-

421 4193 451 4238 η
477 4164 688 4265 “ma‘luaess
713 4170 803 4235 ¹vera
816 4155 960 4253 fateor,
985 4183 1074 4237 cum
1103 4159 1179 4259 ipsa
1193 4161 1313 4260 Virgo
1326 4158 1414 4239 Pisis
1440 4156 1689 4261 corporaliter
1716 4149 1778 4229 ad·

421 4294 450 4338 „
475 4248 562 4324 esset
589 4251 766 4350 inspirata
792 4257 935 4358 Spiritu
963 4259 1100 4339 Sandio
1127 4260 1173 4337 ad
1201 4264 1367 4342 Insulam
1387 4265 1582 4362 Gorgona
1608 4254 1779 4359 persona·

422 4345 565 4446 „liter
590 4351 698 4434 venit
723 4407 738 4454 ‚
770 4357 811 4442 in
836 4382 910 4465 qua
947 4385 1027 4446 uon
1054 4362 1251 4456 modicum
1288 4364 1440 4456 lucrum
1465 4362 1699 4454 Animarum
1724 4349 1778 4434 est

1238 4510 1245 4522 ‘
1590 4518 1618 4568 aa
1643 4481 1728 4562 OP‘·
