3800 5342
1326 382 1414 481 375

30 585 35 594 .
122 520 296 602 multum
318 517 432 599 affert
457 567 473 625 2
503 513 543 594 dc
565 513 635 618 qui
658 528 763 596 amat
782 513 956 597 animam
979 512 1087 595 suam
1119 518 1253 619 perdet
1278 545 1401 622 eam,
1428 519 1472 604 dr

121 642 269 704 coetera
291 621 378 724 quat
389 616 594 720 sequuntur
614 617 779 697 ibidem.
806 618 901 697 Erat
921 637 1054 697 autem
1066 618 1212 699 Christi
1238 621 1383 704 diledlae
1395 644 1472 727 poe·

125 723 291 804 nitentia
325 721 507 817 austera,
545 719 583 798 8ι
614 718 843 800 abstinentia
876 738 988 798 tanto
1019 721 1186 821 amplius
1217 722 1472 824 admiranda,

116 846 272 926 quanto
296 843 406 904 atate
431 821 555 901 adhuc
582 819 820 919 juvencula,
853 822 1000 924 semper
1024 820 1068 901 in
1092 821 1241 903 deliciis
1265 826 1433 907 enutrita
1455 880 1474 927 ,

120 926 163 1005 dc
189 951 278 1006 curn
317 926 392 1005 hoc
414 923 602 1004 continue
626 924 743 1002 etiarn
779 925 817 1004 se
844 922 1069 1003 inueniebat
1095 978 1109 1022 ‚
1140 922 1245 1005 inter
1268 949 1472 1028 parentum

116 1027 238 1128 ipsam
266 1026 471 1107 tenerrime
498 1023 776 1127 diligentium,
798 1025 839 1105 8(
864 1050 979 1126 quarn
1005 1025 1198 1128 splendide
1223 1027 1470 1131 corporaliter

56 1132 59 1137 ‘
121 1127 338 1210 viventium
365 1127 516 1208 delitias
540 1126 815 1208 constitutam.
851 1128 904 1206 Et
928 1148 1037 1207 tanto
1063 1127 1180 1208 etiam
1204 1129 1474 1233 mirabiliter,

149 1252 267 1310 uanto
289 1229 371 1326 ejus
393 1227 560 1331 gratiosa
581 1227 762 1309 industria
786 1228 954 1331 rigorem
990 1231 1099 1309 suum
1126 1256 1206 1312 non
1230 1229 1473 1317 obstantibus

112 1256 364 1434 supradietis,
388 1357 478 1413 cum
504 1356 595 1434 pace
623 1333 775 1415 tandem
797 1387 810 1430 ‚
831 1332 873 1413 dc
899 1330 1020 1433 gratia
1038 1359 1084 1414 ac
1103 1331 1355 1416 edificatione
1380 1360 1474 1416 cun·

114 1433 270 1514 storum
296 1435 343 1515 de
370 1435 502 1513 Domo
523 1434 741 1515 executioni
762 1435 967 1515 mandabat
987 1435 1034 1515 ad
1062 1457 1218 1515 votum.
1247 1434 1410 1516 Proinde
1430 1435 1473 1517 fi·
1526 1439 1531 1448 '

116 1535 283 1616 lentium
306 1557 387 1617 tam
408 1536 449 1616 in
469 1536 608 1633 domo,
634 1562 748 1640 quarn
770 1558 876 1618 extra
895 1538 942 1619 ad
965 1537 1223 1617 imitationem
1253 1536 1472 1639 supradidlae

112 1637 160 1717 B.
190 1638 362 1740 Virginis
385 1638 610 1719 Catharina
631 1662 700 1740 pro
725 1641 824 1741 posse
845 1640 1038 1720 servabat.
1059 1638 1259 1741 Siquidem
1281 1664 1372 1725 cum
1394 1637 1474 1742 ipsa

114 1738 274 1820 audisset
298 1740 349 1820 de
368 1740 559 1820 continuo
577 1740 728 1822 filentio
747 1766 770 1820 a
791 1740 890 1822 diua
900 1742 1062 1843 Virgine
1085 1766 1151 1843 pet
1174 1740 1383 1823 triennium
1403 1743 1472 1821 ob·

113 1840 300 1939 servaro,
330 1842 495 1924 ormino
519 1842 700 1944 disposuit
731 1843 769 1923 se
794 1844 842 1925 38
869 1842 1069 1927 consimile
1100 1842 1292 1924 silentium
1322 1842 1469 1945 ubique

111 1943 340 2024 servandum
363 1943 578 2024 intantum
601 1944 706 2046 quod
727 1970 794 2043 per
818 1964 941 2026 totam
963 1970 1081 2025 unam
1105 1943 1470 2046 quadragefimam,

113 2042 157 2123 in
183 2068 257 2147 qua
282 2071 357 2146 ego
384 2046 486 2148 apud
506 2045 686 2126 Sandlum
707 2047 919 2128 Barnabam
952 2047 999 2127 de
1021 2041 1196 2128 Venetiis
1225 2047 1274 2125 de
1293 2047 1471 2149 suprano-

114 2145 260 2226 minata
286 2147 383 2228 cella
406 2147 565 2229 mentali
586 2147 762 2251 quotidie
790 2149 1026 2251 praedicavi,
1050 2148 1088 2229 8(
1112 2148 1196 2249 quae
1226 2145 1301 2227 suit
1326 2148 1468 2228 ultima

104 2250 495 2352 quadragesimale)
518 2276 633 2353 quarn
652 2250 801 2331 Christi
829 2253 934 2333 serva
960 2253 1101 2370 degens
1120 2251 1341 2351 incorpore
1370 2250 1468 2330 cele·

114 2350 277 2451 beavit,
308 2352 428 2433 etiam
453 2379 535 2434 non
553 2352 727 2435 obstante
744 2410 761 2453 ‚
781 2357 886 2458 quod
916 2374 1025 2435 omns
1044 2354 1107 2434 die
1139 2352 1217 2456 ipsa
1246 2353 1293 2431 ad
1325 2349 1468 2431 didam

109 2453 419 2555 praedicationem
442 2456 663 2554 accederet,
688 2478 753 2536 aut
772 2459 873 2559 quod
892 2456 1059 2559 genitori
1088 2451 1376 2557 suosuptadidio
1397 2453 1470 2569 ser·

109 2554 214 2637 uitet
239 2610 249 2636 .
288 2558 559 2641 Nihilominus
579 2585 694 2660 quam
716 2558 923 2661 ingenuose
945 2559 1210 2661 religiosorum
1229 2580 1337 2635 more
1364 2575 1468 2635 nutr-

101 2656 183 2737 bus
200 2659 351 2737 utendo
372 2661 461 2739 loco
481 2662 687 2753 verborum
707 2662 754 2739 ad
801 2664 968 2758 lenum,
993 2663 1030 2739 8<
1057 2661 1161 2757 juxta
1184 2680 1319 2738 votum
1343 2658 1466 2759 supra·

104 2757 261 2836 dierum
284 2757 474 2839 silentium
496 2756 746 2840 observavit.
846 2760 1007 2863 indeque
1029 2760 1174 2860 vigiliis
1194 2759 1248 2843 ita
1268 2760 1372 2860 quod
1395 2755 1467 2838 nist

106 2857 285 2939 totaliter
304 2884 326 2937 a
348 2880 482 2939 natura
501 2861 657 2957 coacta,
681 2861 880 2962 &precise
906 2860 1074 2941 instratu
1094 2858 1303 2956 dormiret,
1328 2858 1465 2939 &con-

106 2959 286 3041 similiter
309 2960 464 3042 divetlis
485 2963 611 3042 modis
630 2961 717 3042 aliis
735 2963 846 3043 suum
868 2962 1057 3043 tenellum
1075 2959 1344 3061 corpusculum
1368 2982 1466 3058 quo-

104 3062 207 3144 tidie
225 3064 389 3165 amplius
399 3067 609 3145 conabatur
629 3063 823 3166 affligere,
847 3064 1045 3166 dequibus
1066 3063 1112 3141 ad
1132 3063 1287 3163 praesens
1298 3080 1464 3162 pertran-

103 3164 205 3246 fiens
230 3166 350 3266 gratia
370 3165 568 3248 brevitatis
591 3166 682 3246 huic
704 3167 889 3268 Capitulo
915 3167 962 3246 ad
983 3164 1192 3268 plenariam
1224 3161 1329 3241 istius
1354 3158 1465 3242 Dile-

107 3265 179 3348 aa
208 3267 354 3347 Christi
376 3269 527 3350 austerae
549 3267 786 3371 poenitentiae
811 3270 964 3350 laudem
995 3268 1125 3373 taliter
1145 3266 1261 3345 linem
1283 3265 1466 3379 impono.

103 3368 302 3449 Videlicet
321 3372 425 3472 quod
445 3371 489 3452 in
510 3369 657 3451 cunella
683 3371 758 3450 suis
778 3370 1057 3452 austeritatibus
1085 3364 1324 3472 supradidlis,
1347 3388 1466 3444 mrnt·

103 3494 171 3552 ane
201 3471 323 3551 veluti
345 3473 514 3573 jejunans
526 3470 728 3577 hypocrita
748 3471 887 3573 trillis,
912 3474 976 3556 sed
998 3494 1178 3586 tanquam
1195 3465 1465 3651 gracipuedi·

109 3574 211 3654 vinae
242 3574 375 3675 gratia
404 3576 589 3658 undione
615 3575 795 3679 petunda
816 3578 871 3657 ita
902 3577 1048 3678 semper
1078 3596 1194 3673 ructus
1221 3599 1275 3668 a,
1301 3569 1339 3648 dc
1366 3568 1466 3648 hrla·

104 3673 160 3756 ris
182 3677 381 3777 apparebat
406 3733 420 3776 ‚
455 3678 719 3777 aestuosis,
749 3680 791 3758 de
814 3677 1050 3780 quotidianis
1080 3672 1230 3754 deliciis
1252 3689 1423 3751 uteretur
1446 3722 1461 3746 .

100 3776 265 3877 Quibus
290 3794 419 3857 tamen
442 3779 629 3862 veraciter
649 3807 731 3860 non
749 3778 883 3882 utique
902 3776 1185 3880 corporalibus,
1211 3773 1274 3855 sed
1294 3771 1464 3877 spiritua·

99 3876 213 3960 libus
229 3877 424 3964 alimentis
443 3881 617 3986 saginato
633 3880 771 3988 spiritu
788 3881 834 3969 iu
853 3881 1032 3969 Domino
1048 3879 1264 3964 sruebatur.

138 4510 208 4598 1⁴)
228 4514 314 4581 beno
327 4513 444 4587 scillcet
464 4534 551 4599 1399·
569 4525 606 4580 ut
624 4497 723 4579 instas
836 4498 839 4511 ’
