3800 5342
496 348 581 447 34'0
664 339 833 425 -De
895 337 1467 421 Monasrssrn

426 502 672 587 regnaturus.
709 488 929 591 Bugellanis
952 486 1118 588 aliquam
1142 488 1191 566 'ex
1211 483 1315 566 beati
1335 484 1506 567 concivis
1527 485 1582 565 sni
1609 502 1767 591 corpure

258 649 261 654 -
419 610 575 709 partem
597 591 709 672 enixe
731 590 947 691 petentibus
968 588 1179 669 concellum
1193 585 1267 680 est,
1286 612 1389 664 anno
1411 587 1563 666 Mocn'
1579 588 1691 671 dien
1711 594 1769 691 Ju-

426 717 487 770 nu
508 714 555 789 ex
572 693 751 772 concordi
774 694 927 771 Parrum
947 689 1119 770 concessu
1136 690 1191 767 Os
1218 685 1364 766 brachii
1385 710 1433 766 ex
1453 688 1607 787 loculo,
1628 691 1701 771 ubi
1720 693 1767 772 sa·

427 816 491 873 cra
517 793 658 893 lipsana
680 794 932 888 asservantur,
953 788 1152 871 edanum.

479 896 597 974 Anno
622 903 726 973 1610.
739 893 981 994 'Augustinus
1002 889 1202 970 Garbellus
1223 889 1470 970 Veronensis.

423 1036 427 1045 ·
482 998 600 1075 Anno
637 1003 741 1074 1612.
779 994 959 1073 Aurelius
989 989 1175 1070 Laurinus
1207 991 1444 1090 Bergomas.
1484 991 1764 1074 Mortalitatem

423 1093 535 1173 exuit
563 1095 635 1174 hoc
657 1121 759 1174 anno
781 1095 952 1196 Angelus
969 1091 1177 1187 Batonius,
1202 1090 1311 1189 quia
1325 1094 1435 1172 Petro
1448 1092 1680 1174 Paffemonte
1702 1095 1766 1175 hu·

326 1196 329 1201 ⁴
419 1194 484 1293 'jus
507 1196 692 1297 Coenobii
725 1195 853 1275 Priore
875 1194 975 1274 inter
1005 1191 1105 1273 filios
1137 1193 1172 1269 S.
1197 1191 1399 1272 Dominici
1430 1192 1634 1291 adscriptus
1662 1220 1762 1274 anno

431 1303 540 1395 1556.
566 1297 627 1376 die
645 1326 698 1398 14.
720 1295 974 1397 Septembris,
1002 1313 1091 1372 vota
1112 1292 1293 1371 solemnia
1311 1293 1548 1373 emisrtanno
1572 1295 1761 1396 insequen-

425 1394 480 1474 ti.
507 1397 671 1476 Emenso
698 1396 785 1476 inrle
802 1397 1011 1476 studiorum
1032 1394 1249 1489 curriculo,
1274 1396 1365 1473 duur
1389 1393 1768 1475 inbononienlihln·
1887 1420 1888 1433 ¹

423 1495 588 1576 nasterio
610 1499 868 1599 Theol‘ogiam
889 1499 1041 1577 doceret
1065 1521 1086 1574 a
1107 1495 1313 1573 Clemente
1335 1496 1444 1573 Vlll.
1466 1495 1660 1574 Absorivii
1684 1497 1765 1597 Epi·

425 1597 557 1698 scopus
590 1598 729 1680 elelius
750 1598 822 1678 suit
852 1623 953 1677 anno
985 1608 1088 1697 1604
1121 1594 1256 1695 deinde
1282 1597 1332 1675 nd
1359 1594 1605 1675 Clodiensem
1632 1599 1761 1675 Sedem

426 1699 630 1778 translatus
650 1727 751 1779 anno
776 1709 882 1780 1611.
909 1700 971 1778 die
998 1727 1051 1777 12.
1074 1696 1337 1797 Septembris,
1362 1721 1475 1798 quarn
1503 1694 1627 1796 primo
1660 1698 1762 1793 hujus

427 1798 579 1913 secundi
591 1801 835 1902 Episcopatus
857 1826 958 1881 anno
982 1799 1151 1881 nondum
1171 1797 1296 1899 elapso
1317 1822 1406 1878 cunr
1428 1796 1507 1877 vira
1525 1798 1689 1878 deseruit
1710 1824 1763 1877 an·

429 1912 483 1975 n'o
505 1918 626 1980 citato
643 1910 753 1982 sora.

478 2003 595 2080 Anno
623 2010 724 2105 1613.
746 2003 994 2105 Constantius
1017 2002 1143 2083 Maria
1163 2027 1184 2079 a
1207 2002 1386 2081 Verdello
1409 2001 1633 2101 Bergomas.

475 2106 595 2180 Anno
610 2108 735 2204 mre:
752 2106 923 2189 Michael
947 2107 1116 2206 Angelus
1138 2103 1280 2205 Rigoni
1302 2100 1523 2183 Brixienlis.

444 2288 451 2303 ,
477 2206 593 2283 Anno
619 2213 722 2286 1616.
751 2207 986 2309 Hyppolitus
1008 2232 1030 2284 a
1051 2205 1251 2307 Cignano.

421 2318 426 2327 '
476 2308 595 2384 Anno
621 2316 722 2405 1617.
746 2310 937 2388 Antonius
955 2306 1132 2387 Silvester
1154 2308 1347 2386 Venetus.

354 2430 358 2435 ’
390 2414 394 2423 ’
478 2409 597 2483 Anno
623 2417 727 2506 1619.
751 2411 988 2488 Raimundus
1009 2408 1189 2487 Zanellus
1211 2408 1415 2502 Venetus,
1438 2405 1545 2502 cuius
1567 2403 1759 2505 regiminis

259 2596 268 2617 N
422 2528 533 2582 anno
550 2507 713 2587 secundo
734 2508 879 2588 Chrilii
904 2534 1038 2609 nempe
1067 2519 1170 2586 rozo
1193 2534 1214 2586 e
1236 2509 1313 2586 vita
1335 2507 1485 2586 excellit
1505 2505 1761 2605 Hieronymus
1887 2578 1888 2593 Ν

423 2603 465 2682 in
487 2605 623 2686 laculo
648 2608 779 2705 Vicior
801 2612 1046 2690 Contarenus
1069 2611 1272 2705 Venetus,
1297 2608 1364 2708 qui
1390 2609 1436 2686 ad
1463 2609 1609 2687 sacrum
1638 2605 1763 2686 Praed'r

425 2717 600 2815 catorum
623 2710 796 2789 habiturn
820 2735 990 2813 receptus
1011 2709 1084 2790 luit
1115 2710 1177 2790 die
1201 2719 1257 2789 26.
1277 2706 1502 2789 Decembris
1532 2733 1637 2788 anno
1664 2715 1762 2806 1580.

423 2806 1765 3013 lllll‘llilll‘hlllll‘fulllhrtliillailla},50¹2

422 3007 486 3087 die
502 3038 557 3108 ις.
583 3013 706 3108 Maii,
732 3038 846 3114 quam
870 3039 1006 3118 perxrr.
1028 3040 1148 3093 annos
1170 3012 1417 3092 laudatissirne
1438 3011 1556 3090 rexit.
1581 3008 1672 3107 Ejus
1693 3011 1767 3087 lau·

417 3108 480 3186 des
502 3113 670 3192 celebrat
693 3115 732 3193 in
744 3113 1484 3218 CorographiaEcclelraeJustinopoleos
1507 3112 1641 3189 Paulus
1665 3109 1760 3186 Nal-

422 3209 534 3291 dinus
554 3214 720 3309 ejusdem
743 3217 1086 3319 SedisEpiscopus.
1115 3219 1259 3295 lterum
1282 3214 1520 3295 Raimundus
1537 3206 1764 3299 electissime

419 3309 530 3389 Prior
552 3339 655 3393 anno
681 3324 784 3416 1630.
805 3342 884 3419 quo
904 3345 1008 3399 anno
1028 3341 1075 3396 ex
1098 3317 1196 3419 peste
1221 3316 1343 3397 obiit.

472 3417 589 3493 Anno
616 3424 719 3495 1621.
741 3420 925 3517 Jordanus
947 3446 970 3498 a
990 3418 1237 3523 Quinziano.

452 3516 592 3599 vAnno
616 3525 718 3619 1623.
743 3520 989 3620 Hyacinthus
1013 3547 1034 3596 a
1056 3520 1302 3619 Quinziano.
1334 3554 1348 3597 .·

418 3704 422 3719 ι
470 3616 588 3694 Anno
616 3630 719 3720 1625.
749 3623 977 3700 Vincentius
999 3622 1045 3699 de
1067 3623 1231 3700 Crema.
1598 3684 1603 3695 .

469 3716 585 3796 Anno
614 3727 716 3821 1627.
742 3722 989 3821 Hyacinthus
1011 3721 1138 3802 Maria
1165 3724 1212 3801 de
1233 3721 1442 3823 Bergomo.

324 3878 334 3887 .
418 3844 422 3853 ·
469 3819 587 3895 Anno
613 3829 717 3918 πόκῳ.
742 3821 938 3903 Modestus
960 3825 1007 3903 de
1032 3823 1231 3902 Vicentia.

467 3920 584 3997 Anno
610 3931 714 4022 1630.
740 3923 953 4024 Stephanus
975 3926 1021 4003 de
1045 3924 1251 4002 Venetiis.
1289 3923 1376 4001 Hoc
1397 3947 1501 4002 anno
1532 3945 1554 3999 e
1584 3920 1694 3999 vivis
1711 3938 1775 4031 erf-

412 4017 515 4096 cellit
540 4021 809 4125 Hieronymus
837 4024 959 4105 Rusca
984 4025 1095 4121 hujus
1114 4026 1344 4103 Conventus
1365 4022 1672 4105 filiusAbsoriuii
1693 4043 1771 4119 prs·

371 4118 376 4129 '
412 4128 521 4196 mum
544 4132 662 4201 anho'
677 4132 742 4204 161
758 4148 785 4203 t.
808 4127 1045 4227 Episcopus,
1070 4149 1161 4203 mox
1187 4127 1232 4203 ad
1255 4123 1613 4239 Iustinopolitanam
1638 4120 1772 4201 Eccle-

408 4217 503 4345 siam
527 4226 729 4304 translatus
753 4252 855 4304 anno
885 4237 990 4307 1620.
1013 4226 1085 4304 cul
1101 4251 1165 4327 per
1187 4230 1414 4305 decennium
1438 4224 1609 4330 prasinis.
1636 4221 1770 4315 Obiit,

415 4340 457 4399 ut
480 4324 600 4447 allerir
625 4327 813 4408 Naidinus
837 4328 898 4410 die
925 4355 982 4429 15.
1006 4327 1201 4408 Februarii
1227 4336 1463 4428 aun0163o*
1646 4429 1679 4506 Α

1066 4474 1069 4491 r
1686 4451 1724 4504 n-
