3800 5342
1306 416 1386 505 125

164 543 258 623 Item
287 544 409 647 recepi
440 545 565 626 literas
590 570 612 625 a
639 538 961 624 Reverendillimo
984 540 1167 644 Magistro
1179 544 1358 643 Ordinis,
1386 575 1451 652 per

119 647 232 826 'glum
261 646 412 750 scriptas
442 647 614 748 Elilingae
644 646 850 726 Provincia:
879 644 1135 738 Theutoniae‚
1161 648 1222 725 die
1244 650 1376 748 quinta
1399 656 1452 730 O·

39 812 41 815 ,
157 744 255 824 obris
289 777 394 849 1405,
424 749 624 849 inquibus
652 748 749 825 inter
770 746 844 824 alia
871 744 939 823 fic:
967 745 1193 825 Charillime
1207 750 1334 827 Frater
1348 754 1454 830 Tho
1581 824 1586 836 .

123 872 180 924 ma
205 846 276 925 lite.
308 838 455 929 Vestras
481 851 607 927 literas
633 849 735 926 datas
763 846 935 925 Veneriis
961 847 1007 923 de
1032 848 1333 946 mentenugusti-
1355 877 1456 931 rece·

123 950 159 1050 pi
186 945 244 1026 die
273 950 433 1027 secunda
461 949 647 1050 praesentis
673 942 827 1027 mensas.
855 949 904 1024 Et
932 947 977 1024 de
1003 922 1114 1025 bulla
1139 948 1455 1033 confirmationis

129 1047 279 1127 Ordinis
306 1054 352 1129 de
384 1052 636 1145 Poenitentia,
662 1075 775 1149 quam
802 1047 1171 1148 scribitisrecepille‚
1197 1048 1456 1149 ejusquetran·

124 1150 312 1248 sumptum
341 1155 442 1231 velle
468 1153 620 1231 mittete
648 1150 836 1251 Superiori
866 1149 1209 1247 Norimbergenfi‚
1247 1153 1453 1248 plurimum

123 1250 196 1327 surn
225 1252 397 1345 laetatus,
423 1277 533 1331 orans
560 1254 714 1345 Deum,
739 1271 782 1328 ut
810 1250 881 1329 hoc
909 1251 954 1327 ad
981 1249 1035 1327 sui
1065 1250 1253 1330 Nominis
1272 1253 1457 1351 gloriam,

120 1349 229 1453 nostri
260 1354 418 1432 Ordinis
443 1377 716 1453 augmentum,
742 1352 956 1447 meritum,
981 1372 1093 1451 atque
1120 1349 1256 1429 sarnam
1285 1353 1456 1453 perveni·

120 1476 157 1530 re
183 1456 367 1533 concedat
393 1456 463 1533 &o
492 1456 596 1533 Facit
624 1455 738 1532 etiam
767 1453 806 1530 in
828 1452 925 1532 diua
952 1451 1061 1530 litera
1082 1452 1344 1546 mentionem,
1368 1464 1455 1555 qua·

121 1551 203 1631 liter
232 1553 273 1630 in
302 1555 383 1655 ipso
410 1558 620 1647 Conventu
661 1552 970 1651 Notimbergenfi
1006 1574 1083 1630 erat
1111 1554 1286 1651 Legenda
1312 1556 1352 1633 Β.
1379 1556 1456 1634 Ca·

119 1653 270 1732 tharinae
297 1658 346 1732 de
373 1657 503 1751 Senis,
529 1657 675 1735 Sororis
700 1655 788 1732 disii
817 1653 973 1732 Ordinis
999 1653 1045 1730 de
1068 1654 1295 1734 Poenitentia
1322 1657 1456 1737 uno·

118 1754 270 1834 minici.
299 1757 452 1835 Deinde
478 1760 687 1837 concedens
713 1758 872 1856 aliqua,
906 1755 1101 1836 concludit
1128 1784 1137 1834 :
1165 1777 1312 1856 paratus
1336 1758 1454 1837 etiam

118 1877 162 1938 ex
186 1857 300 1934 corde
328 1856 372 1935 ad
398 1860 496 1953 alia,
522 1859 630 1937 uobis
657 1878 760 1958 grata
786 1857 857 1935 bec.

166 1957 456 2058 consequenter
482 1959 602 2060 recepi
633 1983 746 2035 unam
775 1958 889 2036 aliam
917 1958 1065 2037 literam
1093 1955 1193 2038 circa
1220 1958 1333 2038 finem
1348 1984 1453 2038 men-

114 2053 160 2137 fis
184 2058 412 2140 Decembris
436 2085 457 2135 a
485 2059 585 2138 diuo
614 2061 884 2150 Procuratore‚
910 2057 1152 2159 exptelbvam
1181 2061 1226 2136 de
1253 2061 1362 2140 litera
1384 2061 1452 2139 im·

119 2157 279 2238 mediate
306 2160 510 2260 supradibia
532 2187 545 2253 ς
571 2159 676 2257 cujus
703 2181 812 2239 tenor
840 2158 924 2238 talis
950 2158 1025 2255 esi,
1054 2157 1254 2238 videlicet:
1380 2218 1382 2225 ι

168 2260 387 2339 Reverende
418 2265 547 2356 Pater,
574 2259 652 2362 poli
680 2261 835 2339 salutern
865 2261 904 2338 in
926 2257 1103 2338 Christo.
1132 2258 1221 2337 Mili
1249 2259 1358 2340 vobis
1380 2259 1450 2362 pri·

114 2355 174 2435 die
200 2360 342 2461 aliquas
369 2363 529 2457 bullas,
565 2361 831 2462 constgnandas
859 2360 979 2440 Fratri
1007 2360 1299 2459 bon-Iohanni,
1332 2362 1369 2439 &
1396 2388 1449 2440 rc-

113 2456 238 2556 spondi
268 2463 313 2539 ad
340 2466 507 2563 quadam
535 2464 673 2558 dubia,
700 2488 764 2562 per
792 2487 860 2541 vos
884 2462 976 2541 alias
995 2461 1260 2560 mihiscri'pta.
1289 2464 1451 2563 Deque·

112 2582 195 2635 rurn
208 2558 404 2641 Bullarum
435 2565 648 2663 receptione
675 2563 820 2643 debetit
847 2562 944 2641 milti
973 2562 1175 2642 rescribere
1200 2563 1270 2643 &e
1297 2564 1449 2642 Eteon-

112 2656 284 2739 fimiliter
312 2664 335 2741 st
364 2668 504 2764 polium
533 2666 682 2764 aliqua,
709 2664 818 2741 vobis
844 2684 981 2762 grata,
1007 2664 1140 2741 Valere
1168 2660 1209 2741 in
1236 2664 1451 2760 Domino,

110 2757 148 2835 dc
173 2784 280 2840 orate
307 2789 373 2860 pro
400 2790 478 2842 me.
507 2765 652 2842 Datum
681 2764 845 2841 Vitetbii
870 2765 931 2841 die
959 2788 1059 2839 nona
1087 2763 1314 2843 Decembris
1342 2792 1447 2864 ³405·

106 2857 244 2947 ¹Vester
269 2862 396 2941 Frater
411 2865 656 2956 ,Ubertinum
683 2866 905 2942 Procurator
932 2862 1090 2942 Ordinis
1112 2863 1183 2939 &o
1210 2864 1260 2940 Et
1282 2865 1460 2962 proutin.

109 2959 204 3038 dicia
235 2960 344 3041 litera
372 2965 489 3064 petit,
517 2965 569 3042 ita
594 2965 660 3043 sabi
689 2964 796 3043 tescri
827 2963 899 3042 sta·

156 3063 260 3139 Item
298 3066 455 3143 ulterius
492 3092 559 3165 pro
596 3065 749 3166 aliquali
787 2990 1042 3144 rizelaratione
1078 3058 1292 3165 supradielae
1327 3062 1447 3142 bulla

112 3159 287 3257 plenariae
311 3165 627 3244 Confirmationis
653 3166 809 3245 Ordinis
836 3168 1033 3263 Fratrum,
1061 3167 1288 3248 &Sororum
1309 3154 1354 3243 de
1368 3166 1448 3242 1³oe-

111 3261 274 3342 nitentia
297 3265 578 3356 B.Dominici‚
602 3268 763 3365 judicavi
793 3267 855 3347 hic
883 3267 1122 3349 inserendum
1148 3268 1230 3347 sote
1256 3265 1446 3344 unamdu·

112 3361 287 3457 plicatam
313 3369 615 3467 responsionem,
639 3368 716 3445 sue
743 3369 783 3446 itr
809 3370 953 3449 duabus
981 3371 1127 3449 vicibus
1148 3371 1272 3447 datam
1287 3392 1350 3467 per
1362 3366 1447 3443 Fra·

111 3467 425 3565 tremJohaunem
441 3470 639 3548 Dominici
667 3471 714 3548 do
741 3470 956 3565 Florentia,
982 3471 1047 3570 qui
1075 3472 1110 3547 se
1138 3468 1286 3549 inuenit
1314 3467 1446 3547 inCu·

111 3560 162 3639 ria
188 3570 359 3666 tempore
381 3570 627 3649 concessionis
663 3569 770 3648 diua
796 3570 1021 3668 Apollolicae
1049 3571 1198 3650 bullar.
1236 3573 1367 3668 Quam
1393 3586 1447 3646 ta·

111 3683 193 3742 men
220 3671 492 3768 responsionem
522 3674 623 3749 dedit
653 3672 717 3748 uni
748 3672 883 3750 Nobili
914 3672 1288 3750 Dominaelsabetta
1315 3669 1445 3749 dedo·

115 3785 179 3837 mo
201 3769 309 3866 Lyon
348 3773 393 3848 de
422 3773 599 3851 Venetiis‘
631 3773 675 3849 de
713 3775 839 3850 mense
866 3773 1036 3871 Januarii
1069 3780 1172 3872 1406.
1209 3771 1287 3870 ipso
1315 3770 1446 3848 Fratre

114 3860 281 3958 Johanne
307 3895 397 3950 tunc
425 3874 463 3950 in
493 3875 667 3951 Venetus
704 3872 884 3951 exiliente
912 3901 921 3950 ε
959 3875 1010 3954 Et
1037 3873 1111 3953 hoc
1145 3875 1253 3973 super
1278 3871 1444 3970 quodam

110 3984 221 4075 ymo,
249 3996 313 4071 per
340 3973 584 4073 supradisiam
614 3975 823 4053 Dominam
852 3971 985 4069 falle,
1020 3974 1120 4052 circa
1146 3973 1247 4074 quod
1273 3970 1443 4048 decreuit

110 4065 218 4176 lplam
247 4096 372 4172 petere
400 4075 601 4153 consilium
626 4102 646 4150 a
672 4076 802 4154 Fratre
819 4074 993 4174 Johanne
1022 4073 1191 4176 praefato.
1220 4074 1318 4184 Quae
1346 4070 1442 4186 peti—

112 4181 161 4243 110
186 4170 369 4253 Dominae
389 4176 462 4270 ,u
491 4175 694 4277 Responsio
718 4178 856 4255 Fratris
883 4176 1068 4274 lobannis
1094 4199 1181 4254 curn
1211 4174 1299 4247 brna
1327 4168 1443 4250 suerat

113 4267 190 4351 vice
213 4274 351 4374 lasiae
385 4298 511 4356 totum
549 4279 643 4357 vicu
679 4280 875 4378 utriusque
891 4304 976 4378 ,pto
1010 4272 1201 4357 evidentia
1228 4269 1362 4449 mapori
1382 4296 1442 4348 re⁴

1306 4396 1395 4473 pon·
