3800 5342
200 2788 216 2831 s

174 3216 210 3265 f
264 3212 271 3241 r

375 406 378 429 ,
474 331 558 439 380

267 504 280 515 ·
407 479 636 577 strumenta,
659 479 792 573 saltem
814 473 1029 579 aliqualiter
1055 488 1292 571 narraturus,
1317 471 1410 557 seire
1437 490 1475 556 te
1498 475 1589 559 volo
1615 476 1758 561 dilebie

381 576 582 681 'Lector,
617 580 810 683 quomodo
838 579 916 659 hac
943 576 1119 672 diledla,
1156 598 1335 678 tanquam
1362 574 1535 657 diledlrix
1564 579 1756 660 veriffirna
1893 620 1894 633 t

406 683 669 783 proximorum
696 682 750 762 ita
776 678 1057 784 principaliter,
1082 677 1120 757 &
1145 676 1334 759 ferventer
1355 680 1576 763 eorumdem
1602 682 1756 762 zelabat
1894 740 1895 743 a

409 785 594 881 salutem,
617 783 820 884 quodcum
831 781 1042 862 adverteret
1069 778 1167 894 ipsos
1193 778 1381 895 propriam
1407 778 1565 860 salutem
1590 781 1755 883 vilipen·

404 882 494 965 der'e
518 884 657 986 quovis
682 885 797 967 modo
823 885 969 967 summe
995 882 1235 982 crtrcrabatur
1260 906 1274 973 3
1299 881 1337 960 8<
1362 902 1417 960 rta
1443 906 1509 982 per
1534 883 1754 985 oppositum

406 1009 496 1067 cum
525 985 672 1066 videret
698 985 874 1082 eoadem,
898 982 1219 1085 quemadmodum
1244 980 1322 1163 ipsa
1343 980 1505 1079 iecerat,
1530 983 1578 1067 de
1601 984 1758 1085 quibus·

267 1140 272 1145 -
405 1086 468 1166 vir
493 1085 599 1168 vitiis
624 1087 678 1167 ad
697 1087 857 1168 virtutes
883 1084 1004 1165 redire
1031 1082 1127 1164 mire
1147 1103 1256 1185 gratu
1274 1083 1428 1164 abatur.
1455 1085 1586 1164 Parata
1606 1084 1759 1188 insuper

406 1186 555 1283 suisset,
579 1205 765 1290 quantum
792 1187 833 1267 in
861 1186 937 1288 ipsa
963 1206 1076 1283 erat,
1102 1209 1169 1286 per
1195 1203 1320 1263 totum
1347 1186 1478 1265 orbem
1506 1183 1682 1265 incedere
1706 1189 1756 1269 ad

389 1350 401 1369 ‚r
434 1289 687 1371 radicandum
714 1314 784 1389 pro
809 1286 893 1390 ipsas
918 1287 967 1367 ad
992 1285 1094 1367 viam
1122 1285 1250 1366 salutis
1270 1285 1475 1367 efficaciter
1495 1288 1716 1368 revocandis
1741 1345 1754 1366 .

457 1391 481 1468 d
507 1411 549 1469 ut
574 1390 786 1491 specialiter
808 1391 982 1490 loquar,
1016 1388 1054 1469 8<
1080 1387 1207 1490 primo
1232 1386 1279 1466 de
1312 1386 1498 1467 charitate
1523 1411 1637 1489 quarn
1665 1414 1755 1490 erga

359 1487 361 1491 ’
406 1490 589 1606 maritum
614 1492 930 1671 suumperebat,
955 1515 1037 1590 qua
1058 1515 1195 1591 nempe
1221 1487 1306 1569 talia
1327 1488 1423 1583 suit,
1449 1484 1625 1588 &tauta‚
1646 1490 1757 1592 quod

356 1659 377 1698 ,
404 1615 484 1669 non
510 1612 705 1672 immerito
731 1620 752 1672 e

810 1591 873 1673 hic
900 1589 1116 1691 aliqualiter
1141 1589 1370 1671 inserenda,
1394 1589 1598 1671 Sciendum
1620 1593 1752 1692 quod,

406 1691 551 1772 dilium
578 1692 653 1787 est,
679 1718 770 1773 cum
795 1694 883 1773 esset
910 1692 969 1771 vir
996 1696 1082 1774 suus
1107 1691 1279 1792 iuvenis,
1306 1692 1342 1770 a
1365 1690 1548 1787 lascivus,
1573 1691 1672 1772 &ab
1693 1717 1757 1777 eo

406 1792 493 1875 dem
513 1791 748 1874 mirabiliter
773 1794 875 1874 male
902 1791 1092 1891 uallata,
1127 1792 1322 1874 modicum
1356 1791 1562 1894 appretiata
1587 1847 1603 1887 ,
1638 1794 1679 1873 8<
1704 1817 1755 1873 ex

404 1914 495 1973 toto
519 1893 827 1996 quodamamudo
853 1893 1053 1992 deterreat,
1080 1894 1336 1975 nihilominus
1360 1894 1505 1995 semper
1531 1895 1686 1995 gerebat
1704 1896 1758 1975 sa«

404 1992 529 2075 lurem
553 1996 632 2095 eju's
657 1996 700 2076 iu
725 1996 860 2078 corde.
887 1998 938 2076 Et
965 2021 1054 2077 cum
1081 1995 1148 2077 srbi
1177 2021 1241 2100 per
1266 1996 1510 2096 quamplures
1536 1996 1755 2096 personas,

405 2095 523 2176 etiam
547 2098 750 2199 aliquando
776 2096 853 2199 ipsa
879 2099 1101 2178 advertente
1122 2099 1167 2178 de
1195 2114 1305 2179 tanto
1329 2096 1539 2177 infortunio
1561 2098 1648 2176 talis
1677 2124 1752 2177 rna·

394 2194 471 2291 ,riti
499 2223 577 2277 nou
603 2223 718 2299 parva
742 2199 1249 2302 compeliiomouliraretur,
1272 2197 1348 2295 ipsa
1375 2219 1471 2279 tunc
1494 2198 1635 2279 talibus
1660 2223 1752 2278 cunr

403 2296 638 2400 benignitate
651 2299 850 2381 humiliter
877 2300 1182 2402 respondebatstc
1209 2299 1358 2380 dicens:
1387 2301 1472 2400 Ego
1498 2322 1546 2379 ex·
1572 2299 1647 2377 hoc
1670 2324 1752 2400 per·

401 2397 508 2496 cipio
531 2424 592 2480 me
619 2402 710 2481 Deo
733 2401 813 2481 fore
839 2402 954 2502 longe
981 2402 1146 2503 amplius
1169 2400 1403 2499 obligatam,
1428 2425 1471 2479 ac
1498 2399 1616 2479 etiam
1641 2400 1752 2479 mari·

399 2517 443 2576 to
469 2524 580 2597 meo,
650 2520 843 2681 osquanto
870 2527 918 2580 ex
945 2503 1014 2581 tali
1040 2502 1284 2583 derelidlione
1311 2526 1374 2581 me
1400 2501 1641 2598 coniundiam
1669 2501 1750 2579 sen·

278 2610 282 2619 ’
398 2595 458 2677 rio
484 2625 572 2679 cum
615 2628 690 2704 pon
709 2628 833 2683 o-meo
857 2601 1024 2701 coelesti,
1051 2602 1357 2705 singulariterque
1378 2602 1581 2699 dileelam,
1603 2601 1748 2682 &mul

401 2698 588 2816 tiplititer
613 2699 801 2785 vifiratam
825 2706 874 2784 ab
901 2706 1004 2805 ipso,
1030 2703 1336 2807 &principaliter
1359 2704 1483 2784 adsrbi
1505 2701 1747 2783 serviendum

398 2823 521 2902 tnagis
548 2802 770 2885 liberam&
796 2805 1036 2906 expeditam,
1062 2806 1340 2908 propterquod
1367 2805 1563 2884 orationes
1585 2803 1748 2904 ingemi·

400 2905 514 2980 nabat
543 2930 610 3006 pro
636 2906 755 2985 salute
783 2906 963 3003 Mariti,
996 2907 1154 3009 illasque
1180 2930 1297 3007 quam
1321 2906 1430 2985 avide
1458 2932 1524 3007 pro
1551 2904 1632 3007 ipso
1659 2907 1747 2985 Deo

395 3003 639 3109 porrigebat.
662 3006 811 3113 Retulit
839 3006 959 3088 etiam
984 3007 1083 3087 mihi
1109 3006 1431 3103 illiusGenirrix,
1453 3006 1556 3108 quod
1586 3007 1666 3084 hare
1695 3008 1748 3084 vi

396 3103 514 3184 risui
553 3132 639 3187 vera
665 3107 843 3187 dileelria
876 3135 967 3187 cum
993 3109 1197 3210 aliquando
1232 3107 1456 3208 recogitaret
1493 3132 1532 3187 ae
1568 3106 1746 3187 habitum

398 3203 521 3284 Sancti
538 3207 742 3288 Dominici
766 3209 982 3312 suscepisse,
1007 3212 1054 3289 de
1079 3234 1156 3310 quo
1182 3209 1280 3290 iusra
1305 3210 1476 3305 dicetur,
1502 3208 1646 3287 &cum
1668 3206 1749 3289 hoe

397 3305 574 3405 sponsum
602 3308 800 3408 prefatum
825 3309 917 3396 licet
944 3312 1256 3392 tuucabsentem
1283 3312 1444 3404 habere,
1470 3332 1517 3387 ex
1540 3334 1615 3389 una
1640 3330 1750 3409 parte

399 3406 512 3502 plene
535 3409 732 3507 confidens
755 3432 834 3491 etat
861 3410 901 3489 iu
930 3413 1141 3508 Domino,
1175 3424 1225 3492 ex·
1249 3411 1323 3491 alia
1350 3432 1453 3512 patre
1481 3428 1571 3491 veto
1595 3464 1615 3505 ,
1648 3406 1752 3511 quasi

397 3526 572 3605 verens,
607 3536 656 3590 ne
683 3535 729 3589 ex
758 3513 830 3591 hoc
868 3512 1087 3594 offendendi
1115 3516 1244 3593 Deum
1271 3513 1474 3615 aliquando
1512 3511 1655 3589 marito
1682 3512 1752 3590 suo

398 3608 610 3689 revertenti
636 3610 781 3691 occasio
806 3614 1043 3712 traderetur,
1069 3615 1190 3693 veluti
1216 3615 1382 3715 zelotipa
1400 3613 1529 3694 salutis
1554 3612 1753 3708 eiusdem,

395 3706 635 3806 postmodum
664 3711 895 3812 infirmata,
930 3741 1019 3794 cum
1048 3715 1264 3817 percepisset
1300 3717 1423 3792 adhuc
1449 3716 1495 3791 de
1522 3716 1649 3793 reditu
1679 3712 1752 3791 viri

159 3792 169 3801 ¹
273 3900 286 3919 ,
394 3807 478 3901 sui,
506 3830 666 3890 matrem
694 3813 905 3911 advocans,
932 3815 1106 3894 eamdem
1133 3817 1186 3898 ell
1215 3815 1342 3896 taliter
1367 3817 1567 3894 allocuta:
1607 3819 1648 3892 O
1674 3816 1753 3893 dul

393 3906 536 3989 ciffima
564 3911 729 4008 Mater,
755 3939 843 3995 ecee
873 3916 1112 4016 quambene
1149 3942 1238 4017 erga
1264 3936 1329 3995 me
1364 3916 1539 4017 providet
1576 3915 1645 3996 ille
1682 3912 1749 4014 qui

393 4009 529 4089 cundia
555 4014 765 4111 gubernat,
791 4014 829 4094 8<
856 4016 953 4117 regit
976 4071 988 4113 ‚
1013 4042 1153 4119 quare,
1181 4041 1222 4096 ut
1250 4016 1451 4097 visrbiliter
1479 4015 1629 4113 video,
1667 4018 1748 4093 Do·

270 4130 276 4139 ·
395 4108 526 4190 minus
550 4113 635 4190 vult
662 4140 727 4194 me
752 4134 799 4192 ex
827 4114 897 4196 hac
924 4119 1010 4196 luce
1037 4119 1276 4198 subtrahere.
1297 4119 1354 4203 ‚Et
1384 4119 1476 4198 licet
1495 4117 1642 4198 cunella
1669 4115 1748 4217 poi·

394 4206 439 4288 fit
466 4210 692 4294 mirabiliter
720 4215 943 4323 providere,
971 4216 1229 4299 nihilominus
1254 4219 1317 4297 ubi
1346 4219 1395 4301 stc
1422 4218 1594 4321 disponat
1622 4275 1636 4315 ,
1671 4242 1748 4297 nou

398 4307 522 4390 solum
550 4339 631 4394 non
655 4315 780 4397 habeo
808 4317 967 4419 timere,
992 4321 1097 4424 quod
1121 4320 1217 4421 fim,
1241 4322 1303 4401 vel
1329 4319 1467 4404 suctim
1490 4375 1507 4417 ,
1529 4343 1594 4401 aut
1624 4320 1751 4499 sprota

1647 4447 1701 4500 tm
