3800 5342
523 392 602 453 122

455 520 577 614 c'biae,
603 517 664 598 sed
689 534 783 597 tuuc
808 513 1091 616 jaurCardinali
1118 534 1266 597 creato.
1292 516 1367 618 (a)
1393 516 1499 601 euru
1523 522 1655 598 'autem
1671 515 1797 601 rediis-

456 625 513 703 set
537 621 658 707 didius
685 617 878 698 Dominus
905 618 1113 713 Nicolaus,
1139 617 1305 699 narravit
1333 619 1456 713 mihi,
1476 621 1644 721 qualiter
1670 646 1798 722 perve·
1870 681 1872 686 -

458 744 565 805 nerat
588 723 635 799 ad
660 720 821 801 Curiam
849 719 890 797 iu
919 718 1064 820 vigilia
1089 722 1125 800 S.
1149 719 1333 821 Iohannis
1359 720 1555 822 Baptista,
1578 722 1642 802 die
1669 721 1798 801 videli-

457 848 519 907 cer
545 820 836 923 vigefimatertia
860 820 1001 920 Junii,
1033 820 1072 901 dt
1096 844 1298 924 antequam
1314 820 1545 923 'loqueretur
1569 824 1679 922 Papae
1699 877 1714 918 ,
1733 823 1799 915 ,vel

454 923 721 1020 Procuratori,
748 922 885 1021 reperit
907 923 1104 1022 quomodo
1128 923 1325 1025 negotium
1348 921 1568 1025 supradicta
1594 924 1797 1032 impetran-

455 1028 512 1106 da
538 1048 617 1105 erar
643 1026 689 1103 de
716 1024 892 1125 proximo
916 1023 1180 1124 expedidium,
1206 1044 1363 1128 utpote,
1389 1044 1432 1104 ut
1458 1044 1561 1126 patet
1586 1025 1719 1123 supra,
1746 1022 1798 1102 vi·

456 1126 697 1240 gesimasexra
723 1125 783 1203 die
808 1121 898 1203 didi
926 1124 1094 1241 mensim
1120 1128 1426 1243 propterquod,
1452 1124 1598 1240 peraeta
1624 1124 1797 1226 Legatio

454 1224 1798 1446 331„ssszeffimprrrieaflairsszscppsofflsv3tsecffvffipzasdree'lfuggvgirss
1873 1314 1874 1369 ³

457 1456 506 1510 ne
533 1429 674 1508 dissum
703 1429 925 1511 Tractatum
963 1430 1062 1530 apud
1103 1431 1353 1526 eretiuere,
1389 1431 1499 1510 illum
1534 1422 1604 1509 fibi
1637 1428 1797 1529 gratiose

455 1529 640 1610 couceffi.
670 1531 866 1611 Debuerat
891 1530 1007 1611 etiam
1036 1528 1605 1633 FraterlohanoerDominici,
1627 1529 1797 1631 quirunt
1838 1608 1841 1613 .

230 1662 241 1691 f
454 1654 538 1711 erat
564 1632 605 1711 in
629 1631 759 1727 curia,
785 1659 849 1735 per
862 1631 1092 1713 Dominium
1105 1635 1371 1714 Florentinum
1399 1632 1542 1711 ibidem
1570 1629 1720 1726 missus,
1747 1655 1796 1709 re·

434 1730 540 1813 dire
563 1758 654 1813 cum
689 1732 798 1815 dietis
823 1735 1197 1831 Ambasciatoribus,
1222 1736 1261 1815 &
1288 1734 1467 1814 Venetiae
1492 1732 1659 1827 venire3
1684 1733 1722 1812 ἃ
1749 1732 1797 1809 ita

456 1833 621 1931 fecisset,
647 1834 715 1913 nisi
741 1835 830 1938 quia
858 1839 956 1941 Papa
981 1860 1059 1917 nou
1082 1835 1254 1942 permisit
1272 1837 1349 1936 ,tr
1375 1835 1429 1916 ita
1453 1834 1598 1915 ibidem
1624 1831 1798 1914 remansit

459 1958 579 2038 usque
605 1938 651 2015 ad
677 1958 846 2038 tempus.
1487 1996 1491 2003 .
1701 2002 1704 2009 ,

511 2043 609 2118 Item
642 2039 918 2140 consequenter
950 2064 1042 2121 cum
1076 2040 1288 2143 scripfissem
1326 2034 1536 2142 supradicio
1563 2032 1799 2117 Procuratori

429 2138 615 2255 'Ordinis
642 2164 755 2219 unam
781 2138 1150 2258 literampquaedam
1179 2139 1340 2244 pundla,
1365 2143 1473 2256 super
1551 2139 1798 2250 ibuadeberet

442 2241 1196 2458 1lllllltstlllntlllllilr
1209 2239 1799 2459 lilllllblllllffi

450 2442 650 2520 babetur:
675 2444 850 2523 Ulterius
875 2445 921 2521 de
949 2444 1084 2523 Mense
1111 2446 1337 2525 Decembris
1373 2470 1497 2546 recept
1535 2442 1689 2541 abipso
1717 2442 1798 2518 Pru

451 2564 630 2621 curatore
666 2568 783 2621 unam
819 2543 933 2624 aliam
973 2545 1122 2625 literam
1160 2546 1407 2647 responsalem
1442 2547 1490 2623 ad
1515 2540 1800 2644 supradictam,

454 2664 523 2743 per
547 2668 611 2721 me
637 2641 704 2722 fibi
732 2644 936 2739 directam,
964 2672 1166 2751 perquam
1193 2646 1413 2748 aliqualiter
1425 2644 1798 2750 potelicompreben·

452 2742 826 2845 didetenoreliterae
839 2746 1022 2849 praefata,
1047 2772 1118 2848 per*
1139 2773 1201 2827 me
1223 2747 1292 2827 fibi
1314 2749 1548 2829 transmissae.
1574 2746 1713 2824 Literae
1739 2767 1797 2823 au·

456 2860 536 2925 tem
564 2848 635 2926 su‘ae
658 2846 842 2949 predicto
864 2872 974 2927 tenor
999 2850 1089 2928 talis
1114 2849 1187 2929 est:
1245 2892 1266 2915 κ

465 2966 470 2975 ’
507 2949 731 3029 Revereude
760 2952 871 3028 Pater
897 2949 977 3051 poll
1004 2950 1162 3029 salutem
1190 2951 1230 3029 in
1249 2950 1426 3031 Christo.
1452 2950 1561 3031 Sicut
1587 2946 1710 3050 scripsi
1738 2970 1820 3025 vo·-

454 3050 514 3131 bis
541 3050 660 3152 pridie
687 3076 754 3153 per
781 3077 902 3131 unum
928 3054 1100 3130 Fratrem
1127 3051 1424 3150 Teutonicum,
1461 3050 1621 3151 recepi,
1645 3050 1719 3150 jam
1747 3043 1799 3126 et

376 3230 384 3247 ,
446 3152 625 3249 mensis,
650 3152 688 3230 Bt
716 3153 845 3247 ultra,
879 3178 995 3230 unam
1023 3152 1171 3231 literam
1200 3153 1394 3249 vestram,
1426 3154 1615 3255 adquam
1643 3176 1721 3229 uon
1749 3173 1800 3227 re·

355 3274 358 3277 ·
449 3253 610 3353 spondi,
635 3255 790 3331 credens
816 3252 930 3333 citius
958 3256 1066 3335 vobit
1092 3255 1246 3336 mittere
1274 3255 1522 3358 infrascriptae
1535 3254 1683 3334 bullas.
1712 3251 1798 3330 Mo·

451 3354 504 3431 do
532 3353 736 3453 respondeo
763 3355 873 3435 vobis
898 3357 943 3433 ad
969 3355 1136 3458 fingula,
1163 3358 1253 3439 licet
1278 3359 1372 3437 alias
1396 3359 1442 3436 de
1470 3353 1664 3437 Florentia
1691 3349 1799 3431 vobit

451 3452 555 3533 idem
583 3455 789 3556 scripserim
818 3455 857 3534 in
885 3455 1041 3537 effectu.
1071 3459 1200 3538 Primo
1225 3458 1387 3555 dicitur,
1409 3457 1514 3560 quod
1539 3456 1653 3539 vobis
1677 3453 1799 3537 suisset

453 3551 1798 3740 llllll‘lllld,lllllb³‘lllllllll‘⁰llsl’'llll

443 3756 601 3857 strips,
628 3761 752 3860 quod,
778 3759 804 3836 sr
835 3763 1119 3841 narravislemue
1143 3763 1220 3841 -hoc
1239 3763 1279 3840 in
1294 3718 1590 3864 supplicatione,
1616 3754 1797 3865 oportuis-

450 3852 529 3957 set,
555 3886 628 3940 nos
651 3863 725 3943 hoc
751 3865 934 3965 probare,
962 3863 1228 3944 aliaesuillent
1253 3865 1376 3943 literae
1401 3864 1616 3968 impedite,
1642 3864 1798 4043 ξίφεσι-

1673 3987 1716 4042 ur

313 4162 318 4177 ·
451 4143 513 4222 (a)
533 4143 609 4200 Dum
628 4141 806 4223 Legationem
814 4142 949 4201 Pirenam
968 4153 1069 4218 agerer
1090 4139 1376 4285 suffiuaffrrariue
1415 4140 1581 4205 cardinalis
1598 4139 1710 4202 eleetos
1727 4138 1800 4209 finit,

1209 4241 1225 4285 G
1260 4242 1319 4293 nus

463 4278 467 4284 ,
528 4237 652 4293 eamque
678 4222 762 4283 nulla
782 4217 925 4296 potestate
955 4218 1078 4283 retinuit
1106 4222 1137 4294 jtt

554 4294 561 4308 .
678 4300 685 4311 ,
1321 4186 1420 4291 centio
1441 4223 1507 4282 Vll.
1539 4214 1680 4298 ur‘apod
1699 4216 1802 4297 Cinea·

531 4296 769 4389 urumlegrmur.
1716 4322 1720 4333 ,

546 4564 592 4669 ss
