3800 5342
1342 363 1394 443 61

132 508 239 591 mino
266 504 391 588 noslro
417 506 524 610 Papa
551 505 860 611 supplicationem
889 530 956 610 pro
983 504 1147 617 plenaria
1172 502 1463 586 confirmatione

36 640 37 647 ¹
124 610 299 692 habenda
325 609 553 709 illorumde
583 607 810 688 Paenitentia
836 609 876 688 B.
899 607 1120 688 Dominici.
1147 607 1197 686 Et
1224 604 1463 686 commissum

124 711 184 791 'esi
209 709 442 812 negotium,
468 711 505 788 8(
531 710 762 789 examinatio
788 708 942 810 Regula
972 707 1144 786 Domino
1168 705 1365 787 Cardinali
1392 705 1463 784 Bu·

124 811 424 913 ·n0nieas1,qui
451 812 487 890 se
514 834 673 890 externo
698 811 793 906 die,
827 809 978 912 quando
1004 807 1072 887 fibi
1097 809 1244 889 causam
1271 814 1462 908 commen·

130 912 238 1013 davi,
264 910 426 991 ostendit
453 913 489 990 se
515 912 600 992 satir
626 911 854 993 inclinatum
866 910 912 989 ad
922 908 1250 989 confirmationem
1272 909 1462 1009 optarant,

132 1013 219 1093 sicut
246 1012 380 1109 illatn,
405 1035 518 1113 quam
548 1013 688 1092 nabent
714 1014 861 1091 Fratres
890 1011 1063 1090 Minores
1089 1037 1102 1105 3
1127 1010 1165 1089 &
1188 1007 1335 1104 cred0,
1359 1007 1463 1109 quod

131 1139 194 1194 vos
219 1113 325 1194 aliud
352 1136 429 1192 non
456 1113 603 1192 vttltir.
642 1113 865 1194 sollicitabo
900 1112 974 1210 jam
1002 1111 1235 1213 negotium,
1271 1108 1361 1189 licet
1387 1105 1420 1205 ja

130 1215 276 1315 grandis
302 1213 399 1292 mihi
426 1213 534 1294 restet
561 1215 700 1310 labor,
735 1215 772 1293 8(
799 1212 1016 1294 sollicitudo
1050 1212 1198 1292 tatione
1224 1230 1281 1290 tot
1307 1214 1411 1289 occux
1451 1253 1463 1270 ·

131 1315 304 1409 tionum,
329 1338 421 1431 quau
449 1316 561 1394 habet
589 1315 780 1394 Dominus
806 1312 1081 1394 Bononiensis.
1107 1311 1179 1392 Sed
1206 1302 1352 1423 spero„
1387 1305 1463 1423 uod

130 1415 231 1495 Deus
261 1416 407 1495 metuit
433 1415 475 1494 B.
496 1415 748 1511 Catharinae,
773 1416 810 1495 8(
837 1417 995 1496 aliarum
1023 1413 1335 1516 personarumje
1387 1405 1463 1488 tero

133 1518 276 1593 Ordine
304 1514 574 1617 prasentium,
609 1516 647 1595 8(
674 1516 944 1617 praeteritarum
983 1516 1180 1618 negotium
1218 1515 1377 1594 deducet
1414 1509 1464 1589 ad

118 1639 301 1716 optatum
328 1617 526 1694 effaetum.
553 1616 644 1698 Sitis
670 1618 783 1698 nimis
810 1619 901 1698 boni
928 1619 1074 1712 cordis,
1101 1644 1122 1696 e
1148 1616 1237 1694 viva
1262 1613 1462 1711 Cristo,e

128 1717 161 1794 S.
186 1719 403 1796 Donreuico
430 1719 595 1796 liarone.
623 1720 703 1798 Vos
728 1742 865 1799 aurern
884 1718 1006 1799 statim
1032 1716 1245 1799 sollicitetis
1263 1710 1462 1817 aliquasli·

125 1836 219 1897 terat
246 1822 292 1895 ad
319 1822 463 1897 dicium
494 1818 706 1896 Dominum
733 1820 1046 1914 Bononiensem,
1082 1845 1172 1921 quas
1201 1816 1371 1896 videritis
1396 1834 1459 1893 ex·

126 1920 276 2017 pedire,
304 1921 391 1997 licet
419 1919 538 1996 forsan
568 1946 644 1998 non
672 1920 742 1999 erit
770 1924 896 2022 opust
922 1923 959 2000 8(
987 1920 1083 1999 milri
1111 1946 1175 2001 ear
1198 1916 1459 1998 mittatisdan·

117 2020 211 2112 das,
236 2022 274 2098 8(
300 2022 589 2118 praesentandae,
617 2024 818 2098 secundum
846 2024 946 2120 quod
974 2023 1163 2122 oportebit
1185 2075 1207 2117 ,.
1233 2021 1270 2099 8(
1297 2014 1459 2098 mittatis

121 2119 222 2196 tnihi
249 2122 483 2219 expedientia
512 2140 580 2222 pro
606 2122 849 2221 expeditione
875 2122 1104 2216 bullarum,
1142 2121 1202 2199 vel
1230 2119 1374 2214 alteri,
1410 2118 1459 2195 de
1486 2146 1488 2153 J

121 2242 199 2318 quo
226 2223 345 2321 magis
369 2221 687 2323 complacebitis,
723 2227 825 2321 quod
865 2224 940 2322 ipse
979 2225 1192 2323 expendat.
1230 2220 1370 2300 Nescio
1396 2218 1459 2296 ad·

119 2318 223 2414 huc,
250 2348 317 2401 vor
343 2325 510 2400 advilare
535 2324 581 2400 de
606 2325 840 2424 quantitate,
865 2326 954 2424 quia
981 2324 1137 2402 materia
1164 2322 1215 2399 esi
1242 2343 1460 2415 extranea,

119 2419 154 2497 8(
182 2447 261 2498 rara
288 2424 327 2500 in
355 2426 494 2501 Curia.
524 2426 622 2501 Rece
652 2425 662 2500 i
692 2450 807 2524 utque
835 2426 949 2504 modo
975 2429 1029 2505 ab·
1051 2425 1127 2504 illis
1152 2423 1197 2501 de
1213 2421 1376 2501 Medicis
1389 2445 1461 2521 pto

88 2534 92 2543 ’
120 2521 230 2600 robis
248 2526 412 2603 ,docatus
435 2527 591 2618 decem,
617 2446 661 2603 rie
688 2528 851 2626 quibus,
874 2528 912 2605 8(
938 2525 1138 2626 asiis,'qui
1166 2526 1391 2618 mittentur,
1416 2519 1461 2599 fr·

118 2621 493 2737 delem-computum
521 2625 731 2725 assignabo.
760 2629 885 2705 Mitto
911 2629 1019 2708 vobis
1045 2625 1193 2728 copiam
1222 2621 1459 2726 supplicatio

119 2742 208 2829 inp,
226 2726 490 2829 urtvideatio,
523 2725 549 2802 si
578 2730 674 2806 bene
699 2730 830 2806 omnia
855 2730 1255 2826 comprehendantur.
1293 2726 1382 2803 Alia
1407 2721 1462 2803 adv

118 2824 278 2937 ptaescno
302 2846 380 2901 non
400 2825 521 2901 scribo
532 2827 602 2902 tire.
632 2829 762 2904 Terror
790 2851 882 2903 vero
907 2829 1013 2906 diciae
1026 2828 1145 2924 copiae
1169 2827 1254 2905 talis
1265 2825 1338 2905 est:
1365 2814 1457 2904 Bea-
1569 2876 1572 2889 ι

116 2923 391 3029 ttsi'rmei‘ater
416 2923 513 3025 (a),
540 2924 756 3025 Exponitut
782 2924 976 3004 Sandiitati
1008 2926 1134 3005 vestra
1161 2951 1229 3024 pro
1255 2947 1359 3024 parte
1388 2929 1455 3001 hu·

118 3024 269 3101 miliunt
298 3023 499 3121 eiusdem,
536 3026 678 3104 scilicet
707 3027 915 3122 Fratrum,
953 3028 990 3107 8(
1017 3030 1196 3107 Sororum
1225 3024 1382 3104 Ordinis
1409 3023 1458 3103 de

117 3122 343 3203 Poeniteutia
369 3127 404 3203 S.
436 3125 670 3222 Dominici,
704 3129 839 3228 quod,
873 3152 964 3206 curn
990 3131 1084 3208 olim
1112 3126 1232 3206 didius
1259 3127 1365 3204 Ordo
1391 3148 1464 3225 per

119 3225 291 3304 eumdem
320 3228 355 3304 St
386 3226 638 3307 Dominicum
674 3229 741 3306 sub
768 3232 961 3308 vocabulo
982 3231 1028 3308 de
1057 3229 1203 3308 Misit-ia
1230 3228 1314 3327 Jcsu
1340 3225 1457 3305 Chri·
1553 3300 1556 3307 .

121 3323 165 3401 iii
192 3325 388 3405 institutus
412 3318 566 3424 sui-sier,
603 3329 754 3407 tandem
784 3331 861 3430 post
888 3333 1101 3410 multorum
1126 3354 1313 3408 annorum
1340 3327 1457 3407 curri·

119 3428 449 3542 culd,·debelletis
476 3429 664 3508 haereticis
688 3430 728 3508 in
757 3431 1011 3527 Tholosanis,
1038 3434 1075 3510 8(
1103 3433 1222 3511 ltaliae
1249 3429 1459 3531 partibus,
1504 3516 1509 3519 Ἴ

77 3612 80 3619 ,
119 3528 220 3605 Ordo
248 3529 471 3626 proditius,
492 3531 707 3626 huiuamodi
736 3537 1124 3628 vocabuloruutato,
1149 3534 1195 3612 de
1223 3530 1455 3612 Poenitentia

118 3625 151 3701 8
180 3630 376 3709 Dominici
396 3686 414 3724 ,.
438 3631 649 3731 prandente
676 3652 767 3712 tunc
794 3635 938 3714 Sanciae
965 3635 1159 3715 memoria:
1185 3633 1361 3712 Honorio
1390 3634 1456 3710 Pa-

118 3749 164 3823 pa
189 3731 253 3803 lV.
293 3731 449 3810 titulum
489 3733 587 3810 susce
615 3733 687 3826 it,
722 3759 764 3813 ac
793 3736 939 3816 Fratres
976 3736 1193 3816 &Sorores
1232 3732 1457 3832 hujusmodi

116 3831 311 3931 quamdam
339 3834 550 3932 Regulam,
578 3760 639 3912 (eu
668 3834 840 3934 religiose
865 3836 1024 3915 vivendi
1051 3836 1256 3917 formulam
1281 3839 1452 3928 observa·

116 3949 227 4027 runt,
250 3932 289 4012 8(
314 3934 514 4014 observant
540 3935 587 4014 de
612 3936 783 4036 presenti
805 3993 817 4015 .
843 3940 889 4019 ln
914 3962 989 4039 qua
1013 3939 1169 4040 quidem
1195 3940 1457 4113 Regusassnon'

127 4078 132 4095 ·
1052 4068 1056 4073 ’
1297 4061 1347 4113 nu
1381 4060 1403 4110 a
1455 4074 1459 4085 ·

122 4174 177 4283 (a)
198 4207 347 4302 lionisaeio
367 4216 415 4279 ur.
437 4216 582 4299 porreiitte
608 4222 665 4282 suit
694 4210 811 4296 supplex
831 4216 974 4292 libertus,
1000 4232 1034 4277 ot
1054 4214 1133 4277 seara
1161 4211 1331 4289 apostolica
1355 4195 1479 4283 aueo,

194 4308 280 4351 rrtate
302 4293 471 4377 specialem,
492 4292 517 4353 ἃ
540 4288 698 4371 plenariam
717 4296 841 4373 Ordinis,
854 4301 1008 4366 Fratrum,
1028 4293 1055 4351 ἃ
1075 4298 1211 4354 Sororum
1231 4290 1457 4355 del'oeniteutia

130 4384 135 4397 ·
198 4368 277 4429 Beati
298 4374 446 4435 Dominici
466 4374 610 4451 impertiti
631 4371 884 4436 confirmationem
903 4375 1090 4453 dignaretur.
