3800 5342
1278 398 1358 488 ¹53

92 552 150 619 aut
159 534 360 631 Sororum,
385 531 488 635 quod
515 531 642 613 mense
667 528 842 633 quolibet
861 528 1229 647 ,regulariterdebet
1255 535 1422 644 celebra·

87 641 137 734 ri,
161 636 442 731 intererint,‘&
469 633 689 717 hominibus
714 634 1025 713 subvenientibus
1039 635 1254 734 Fratribus,
1279 640 1318 719 8(
1338 664 1418 718 mu·

86 739 258 834 lieribus,
294 763 376 837 qua
402 734 668 816 Sororibusuin
695 734 919 834 opportunis
950 759 1086 815 manus
1112 738 1311 837 adjutrices
1338 765 1419 842 por·
1602 782 1604 789 ,

86 840 262 935 texerint,
288 865 331 918 ac
359 836 560 933 omnibus,
586 836 651 938 qui
673 835 713 915 in
733 836 1420 940 eorumdemexequiisinterfuerint,
1486 852 1488 855 ’

88 941 319 1043 quadraginta
345 938 425 1019 dies
450 936 774 1039 indulgentiarum
801 952 871 1037 pto
896 934 982 1017 asin
1008 938 1183 1040 quolibet
1210 941 1422 1046 supradieio

89 1046 127 1123 de
149 1041 346 1141 injunsia,
382 1043 446 1125 seu
472 1041 600 1127 debita
626 1038 682 1119 eit
707 1038 936 1142 poenitentia
962 1038 1254 1124 misericorditer
1282 1045 1423 1124 relata·

88 1170 178 1224 mut.
204 1144 255 1221 Et
284 1144 358 1223 stoc
385 1167 464 1221 non
480 1143 612 1223 tolum
640 1140 806 1242 personis
833 1140 964 1221 nostra
986 1141 1196 1243 Dioecesrt,
1218 1143 1278 1224 sed
1305 1146 1423 1225 etiam

89 1244 331 1341 Ctisellaua,
358 1243 620 1339 Torcellanae,
645 1241 897 1344 Clugiensrt,
922 1244 960 1320 8(
986 1244 1070 1325 aliis
1096 1271 1423 1349 quarumcumque

88 1346 323 1442 Dioeeesum,
349 1343 497 1447 praelata
524 1343 675 1447 pietatis
700 1345 1186 1446 opera-prosequentibus,
1211 1349 1421 1429 dummodo

87 1447 390 1529 Dioecesanotum
415 1447 651 1549 eorumdem¹
666 1447 845 1526 voluntat
872 1447 917 1524 ad
938 1445 1260 1549 idiotetvenetit,
1285 1451 1423 1531 &cou-

87 1549 222 1631 sensus:
250 1551 300 1631 de
312 1549 577 1651 quoconsensu
589 1569 775 1648 quantum
787 1548 832 1629 ad
845 1548 1097 1632 Dioecesanoa
1108 1551 1293 1633 rinnon
1320 1552 1427 1631 Diue-

82 1651 194 1735 ctsttm
220 1653 335 1753 plene
361 1651 504 1731 constat
530 1704 543 1745 ,
579 1652 786 1751 praebentes
813 1649 849 1729 8(
876 1676 945 1731 noe
971 1654 1186 1750 assensum,
1222 1654 1260 1735 8(
1286 1652 1421 1735 admit·

83 1772 194 1837 tentes
221 1777 357 1835 omnes
384 1752 677 1853 Indulgentiae,
714 1774 805 1854 quas
830 1752 987 1853 quicum
1018 1779 1064 1835 ue
1089 1754 1266 1858 Episcopi
1292 1756 1421 1835 exsu-
1448 1850 1451 1859 ,

80 1852 242 1955 presidiis
269 1855 343 1959 piis
368 1854 483 1935 cansts
510 1854 716 1935 concedere
742 1852 910 1954 personis
937 1778 1067 1935 noire
1090 1855 1272 1937 Dioecesrs
1292 1856 1421 1957 digna·

79 1978 223 2037 rentur.
252 1960 304 2037 sn·
324 1980 487 2057 quotum
514 1955 689 2034 omnium
718 1954 978 2035 testimonium
1008 1956 1073 2035 hat
1100 1980 1269 2057 patenter
1294 1958 1422 2039 literas

79 2056 159 2141 fieri
182 2057 371 2154 fecimus,
393 2058 442 2139 8(
461 2055 574 2139 nositi
603 2053 837 2136 Pontificalit
863 2054 974 2156 sigilli
1002 2058 1226 2159 appensione
1254 2057 1422 2156 jussimus

76 2162 336 2240 communiri.
367 2161 521 2239 -Datum
551 2157 726 2238 Veneriis
763 2158 804 2236 itt
830 2159 964 2235 Domo
988 2158 1132 2238 >nostra
1170 2160 1428 2240 habitationis-

78 2260 420 2363 Sancti.,10hannis
446 2257 712 2363 chrysostomi
742 2265 857 2339 Anno
886 2259 1050 2339 Domini
1079 2259 1293 2361 Mcoccvt.
1321 2261 1421 2340 sodi-

77 2360 197 2442 ilione
223 2363 538 2466 quartadecima,
573 2361 636 2441 die
663 2360 1002 2461 vigesimasecunda
1030 2361 1419 2443 mensis-Februarii.

77 2463 320 2547 Pontificatus
348 2462 573 2547 Saniiisstmi
600 2465 640 2542 in
668 2463 825 2542 Christo
853 2463 996 2559 Patris,
1023 2463 1060 2542 8(
1088 2462 1251 2544 Domini
1280 2463 1420 2559 nostri,

77 2564 235 2668 Domini
264 2568 505 2667 Innocentii,
532 2565 677 2646 Divina
705 2565 946 2645 Prouidentia
976 2567 1080 2667 Papa
1106 2568 1192 2646 Vll.
1221 2569 1338 2649 Anno
1359 2565 1423 2646 Se·

81 2669 237 2749 cundo:
458 2728 462 2737 ,
503 2710 510 2721 ι

117 2773 222 2851 stem
249 2770 325 2848 alia
352 2769 481 2864 habita
507 2769 581 2848 fuit
605 2768 652 2847 de
679 2768 804 2848 mense
834 2767 970 2848 Martii
997 2767 1164 2868 ejusdem
1191 2771 1284 2851 anni
1308 2771 1420 2854 aDo·

76 2870 179 2950 mino
207 2868 507 2971 Archiepiscopo
518 2868 716 2961 Cretensi,
742 2867 846 2961 cuius
875 2887 985 2948 tenor
1012 2871 1187 2964 talitest,
1216 2871 1417 2949 videlicet:

114 2970 342 3053 Franciscus
369 2971 442 3068 (a)
469 2968 546 3049 Dei
577 3023 591 3065 ,
626 2970 664 3046 8(
691 2966 1049 3067 Apostolicnbedit
1074 2971 1194 3069 gratia
1221 2968 1420 3068 Archiepi·

75 3072 200 3177 scopus
227 3072 453 3167 Cretense,
485 3069 680 3151 Universrs
706 3069 1029 3149 Christi-fidelibus
1067 3093 1145 3149 tarn
1173 3072 1308 3150 nositae
1336 3070 1423 3148 Pto⁴

73 3176 238 3271 vincia,
265 3199 377 3275 quam
405 3196 732 3275 quatumcumque
759 3170 955 3265 aliatum,
993 3173 1038 3251 ad
1064 3198 1158 3273 quos
1185 3173 1303 3252 literae
1332 3195 1422 3272 ptae·

75 3275 188 3358 lentes
217 3275 486 3379 pervenerint,
512 3275 681 3354 Salutem
711 3271 750 3352 in
780 3273 954 3353 Domino
981 3273 1283 3374 Sempiternam.
1311 3278 1421 3375 Quo·

77 3379 172 3458 niam
199 3405 222 3456 a
251 3397 509 3473 creaturarum
537 3374 729 3470 exordio,
767 3372 917 3453 Divino
944 3375 1139 3477 eloquio,
1176 3377 1213 3456 8(
1239 3377 1342 3454 sacto
1368 3401 1425 3455 ca·

77 3505 172 3561 none
199 3479 477 3574 referentibus,
504 3475 707 3570 nutrimur,
735 3475 980 3575 Religionem
1008 3477 1220 3578 quamlibet
1247 3475 1423 3557 Sansiam
1532 3497 1534 3499 ·

78 3605 98 3659 a
122 3586 234 3680 Deo,
262 3583 299 3659 8(
326 3578 506 3674 Studiis,
542 3604 585 3658 ac
613 3576 841 3678 Apostolicis
864 3577 972 3665 ¹viris
999 3577 1070 3678 piis
1097 3578 1290 3661 favoribus
1316 3581 1428 3657 robo-

77 3705 229 3780 ratam,
267 3682 453 3762 ucetiam
482 3679 758 3774 sublimatam,
795 3700 906 3858 amne
935 3701 1149 3780 promotam
1177 3709 1189 3776 3
1216 3680 1308 3760 hinc
1335 3681 1427 3777 est,

73 3786 173 3886 quod
200 3808 295 3880 nos,
320 3783 387 3884 qui
413 3784 531 3865 etiam
558 3805 605 3865 ex
631 3780 762 3863 debito
789 3806 834 3882 pn
867 3783 982 3862 otalis
1008 3782 1127 3863 officii
1155 3784 1202 3863 ad
1225 3782 1324 3862 idem
1348 3782 1427 3883 spe·

185 3892 294 3964 Tom.
321 3890 399 3963 VH.
959 3885 995 3959 V
1305 3881 1409 3965 cia·¹

81 4021 139 4098 (a)
158 4025 224 4083 Sine
245 4021 420 4102 cognomine
442 4017 549 4098 legitur
570 4016 659 4079 etlam
680 4015 757 4093 apud
776 4018 963 4093 Lequlenlunt
980 4061 989 4090 ,
1009 4018 1178 4095 franciscus
1198 4011 1426 4097 archiepiscopos

152 4101 270 4161 Crete.
293 4095 446 4158 Michaelit
467 4100 557 4156 Steno
577 4097 665 4159 Ducit
686 4094 870 4153 venetiarum
892 4095 983 4153 litetae
1004 4094 1132 4171 superius
1162 4102 1328 4152 memorate
1349 4089 1396 4148 sit.
1409 4110 1429 4145 a

154 4195 275 4257 pag-95·
299 4172 444 4250 produnt,
464 4173 520 4232 esse
540 4172 720 4252 franciscum
728 4171 877 4231 Pavonum
896 4170 942 4229 l'eu
963 4171 998 4230 de
1007 4166 1186 4241 Paeonibus,
1207 4162 1430 4253 qnia'eratfpr'·

145 4248 433 4337 scopustt'ronensr’s
445 4248 650 4338 ¹(Spinalnnga
671 4247 899 4338 liteapagqp.)
923 4248 1082 4306 translatus
1101 4245 1141 4303 ad
1159 4243 1430 4323 Archreprscopnrnm

154 4328 333 4407 Cretensem.
355 4331 408 4387 slit
428 4329 518 4386 etiam
545 4339 639 4383 untur
660 4326 754 4384 verbis
776 4326 948 4400 lequienius
975 4325 1005 4381 in
1027 4321 1172 4398 Episcopis
1191 4318 1435 4381 Chironeustbur.

157 4408 308 4489 Congruit
329 4419 400 4467 nota
421 4403 615 4467 habitationis
633 4419 695 4481 qua
714 4401 823 4462 dicitur
845 4399 879 4461 de
893 4398 958 4459 Cha
974 4400 1105 4479 Bavone.
