3800 5342
497 362 546 453 32

428 489 536 583 sent,
560 489 598 567 8(
623 483 738 566 etiam
766 482 891 580 mihi,
915 477 1119 564 sollicitate
1144 482 1276 563 curavi
1300 478 1419 563 didos
1441 476 1769 579 Ambasciatores,

428 614 614 692 quatenus
639 587 739 665 diuo
765 585 939 664 Domino
966 582 1194 664 bononiensi
1230 585 1410 663 deberent
1435 585 1544 684 super
1569 584 1608 661 id
1633 583 1766 662 scribe·

428 715 504 787 re,
540 687 763 787 &idipsum
790 687 837 763 ad
863 705 1032 763 mentem
1060 684 1139 780 eius
1165 686 1342 764 reducere
1380 684 1485 780 juxta
1509 680 1726 762 condidum
1748 736 1765 761 ,.

431 791 483 868 Et
509 787 754 891 consimiliter
780 784 983 864 sollicitavi
1018 785 1160 864 dicium
1188 785 1401 864 Dominum
1435 785 1664 963 Episcopum
1690 784 1769 867 Ca·

430 886 665 984 stellanum,
699 886 802 987 quod
828 884 952 965 eidem
980 885 1154 964 Domino
1180 884 1406 966 bononiensi
1439 884 1568 986 prodi
1609 884 1765 963 acausa

429 990 592 1071 scribere
619 988 858 1087 dignaretur.
885 987 937 1066 Et
962 984 1011 1065 src
1037 985 1157 1066 facere
1185 983 1782 1082 tamdietisnmbasciaroribus,

428 1114 543 1192 quam
570 1088 686 1171 etiam
713 1085 810 1166 mihi
836 1084 1026 1188 promisit.
1054 1089 1106 1167 Et
1131 1084 1184 1165 ita
1211 1086 1361 1189 utrique
1387 1085 1634 1187 scripserant.
1660 1088 1768 1185 Qua·

432 1216 517 1269 rum
545 1189 776 1283 literarum,
811 1209 921 1267 tenor
948 1188 1078 1289 prima
1114 1186 1259 1268 scilicet
1284 1187 1611 1267 Ambasciatoruro
1640 1184 1767 1286 pradi-

432 1288 581 1371 dlorum
608 1290 693 1370 talis
718 1288 794 1386 est,
820 1287 1021 1368 videlicet:

479 1446 508 1489 „
532 1389 856 1471 Reverendisfimo
892 1387 933 1468 in
959 1389 1116 1469 Christo
1153 1387 1291 1486 Patri,
1326 1390 1364 1469 8(
1390 1388 1565 1468 Domino
1591 1381 1767 1467 Domino

334 1582 336 1585 ,
429 1544 458 1590 „
482 1493 669 1574 Cosmato
695 1491 765 1572 &c
793 1488 872 1590 post
898 1489 1065 1571 humiles
1075 1490 1487 1571 recommendationes.
1513 1488 1681 1569 Noverit
1692 1490 1768 1567 Re·

413 1606 456 1691 '„
484 1592 743 1673 verendislima
769 1590 1001 1671 Dominatio
1026 1591 1181 1689 Vestra,
1205 1591 1392 1692 qualiter,
1417 1589 1613 1707 postquam
1639 1613 1767 1688 perne·

428 1747 456 1790 „
482 1692 824 1789 nimusVenetias,
850 1691 938 1772 Deo
965 1694 1102 1787 dante,
1127 1692 1363 1788 incolumes,
1390 1690 1538 1773 visitato
1550 1690 1675 1771 nolito
1687 1691 1767 1769 Du·

427 1847 456 1891 ‚‚
481 1795 556 1875 cali
583 1792 794 1888 Dominio,
819 1817 908 1874 cum
936 1791 1052 1872 etiam
1079 1791 1313 1872 visitaremus
1325 1793 1539 1873 Dominum
1559 1792 1690 1872 nostra
1700 1790 1769 1870 Ci-

409 1908 457 1991 '„
483 1896 612 1977 vitatis
638 1894 886 1975 Venetianum
914 1894 1179 1995 Episcopum,
1211 1894 1311 1973 inter
1336 1893 1410 1973 alia
1436 1891 1503 1973 sibi
1528 1893 1770 1993 retulimus,

428 2050 455 2094 „
481 1996 674 2099 quomodo
700 1996 807 2097 supet
832 1994 1131 2097 supplicatione,
1155 2021 1269 2095 quant
1289 1993 1618 2074 Reverendissimar
1631 1995 1769 2072 Domi·

427 2152 456 2194 „
481 2098 628 2203 nationi
655 2094 795 2176 Vestrae
819 2119 1105 2198 porrexeramus
1131 2121 1199 2198 pro
1224 2093 1302 2175 illis
1320 2096 1366 2174 de
1380 2095 1609 2175 Paenitentia
1634 2094 1769 2174 uno

433 2251 461 2295 „
486 2196 646 2294 minici,
672 2199 802 2277 eadem
829 2196 1149 2276 Reverendissima
1161 2195 1289 2275 Vestra
1301 2196 1527 2276 Dominatio
1552 2196 1771 2296 responsum

431 2353 460 2397 „
485 2301 634 2380 dederat
662 2298 896 2399 gratiosum,
922 2299 1042 2397 Quod
1066 2296 1255 2393 audiens,
1281 2297 1476 2400 idipsum,
1500 2296 1593 2377 sicut
1620 2296 1657 2375 8(
1682 2296 1771 2376 reli·

431 2452 459 2497 „
484 2425 583 2501 qua,
609 2400 743 2481 habuit
770 2397 822 2477 srn
852 2396 1007 2478 ulariter
1032 2396 1215 2494 charum,
1239 2398 1278 2477 8(
1300 2419 1449 2499 grauun
1471 2448 1485 2495 ,
1521 2421 1568 2476 ex
1592 2424 1639 2478 eo
1664 2397 1770 2496 quod

429 2554 458 2597 „
481 2497 556 2600 ipse
584 2498 781 2581 Dominus
841 2498 1013 2601 piscopus
1049 2498 1345 2600 praelibatusad
1380 2498 1476 2601 ipsos
1501 2498 1547 2578 de
1575 2499 1769 2579 Poeniten·

426 2656 455 2698 „
481 2602 534 2679 tia
568 2601 674 2684 Beati
699 2599 933 2697 Dominici,
969 2600 1006 2679 8(
1044 2602 1191 2681 Fratres
1219 2598 1483 2680 Pradicarores
1518 2597 1581 2679 hic
1617 2598 1766 2677 nostros

425 2752 464 2799 „w
479 2718 631 2803 propter
655 2699 997 2783 commendabilem
1025 2700 1144 2781 vitam
1166 2756 1180 2797 ,
1204 2700 1413 2781 doslrinam
1434 2756 1448 2797 ‚
1472 2699 1511 2778 8(
1535 2698 1673 2778 samam
1699 2725 1768 2778 eo·

425 2854 454 2899 „
479 2804 641 2883 eundem
667 2800 1069 2905 specialiinDomino
1093 2802 1230 2882 affeblu
1257 2803 1473 2881 devotionis
1484 2798 1667 2880 afficitur:
1696 2824 1767 2877 um

426 2956 454 3000 „
479 2901 559 3001 de,
611 2926 697 2983 tout
723 2902 836 2983 nobis
859 2904 1029 3002 retulit,
1064 2904 1233 3002 decrevit
1259 2905 1367 3003 super
1394 2903 1467 2982 hoc
1493 2899 1767 2980 Reverendisli-

423 3027 550 3101 „ma
643 3002 847 3085 minationi
876 3003 1014 3086 Vesuae
1050 3005 1255 3085 efficaciter
1289 3003 1483 3099 scribere,
1517 3003 1555 3080 8(
1580 3002 1627 3081 de
1653 3000 1765 3103 diffie

425 3158 453 3200 „
478 3103 709 3202 Fratribus,
744 3104 867 3184 eidem
895 3104 1155 3185 testimonium
1182 3104 1488 3185 commendabile
1525 3102 1764 3205 perhibere.

423 3257 452 3301 „
477 3206 720 3306 Quapropter
745 3204 861 3283 etiam
899 3228 968 3286 nos
1002 3206 1101 3285 moti
1135 3207 1262 3286 sumus
1295 3207 1343 3286 ad
1378 3206 1618 3287 scribendum
1643 3205 1766 3283 Reve-

422 3358 452 3402 „
477 3305 697 3386 rendiffimae
725 3304 997 3385 Dominationi
1027 3306 1188 3410 Vestra,
1211 3308 1307 3388 &ad
1332 3307 1558 3389 memoriam
1585 3305 1766 3386 reducen-

426 3458 453 3503 „
479 3402 595 3502 dum,
621 3431 663 3486 ac
690 3406 805 3486 etiam
833 3405 974 3486 iterum
1000 3408 1313 3510 supplicandum,
1338 3430 1380 3488 ut
1407 3408 1592 3510 gratiam,
1619 3406 1694 3485 live
1721 3404 1765 3485 ti·

421 3524 595 3602 „reram
617 3561 631 3602 ,
656 3532 772 3609 quarn
797 3506 995 3610 sopradiati
1032 3512 1079 3589 de
1106 3506 1337 3591 Paenitentia
1365 3511 1405 3588 Β.
1434 3507 1634 3589 Dominici
1661 3507 1760 3587 obti-

421 3659 448 3703 „
474 3630 564 3688 nere
591 3609 821 3705 intendunt,
847 3610 869 3688 ὲ
895 3607 1071 3689 Domino
1095 3609 1222 3691 nostro
1246 3613 1344 3712 Papa
1369 3611 1511 3691 eisdem
1538 3608 1668 3690 Veslra
1690 3609 1764 3686 Re·

296 3746 299 3751 ⁴
421 3761 448 3804 ‚‚
471 3706 975 3790 verendislimaDominatio
1001 3710 1205 3812 impetrare
1231 3713 1440 3811 dignetur·
1457 3713 1517 3815 Ad
1528 3712 1631 3813 quod
1642 3708 1766 3789 etiam

417 3862 446 3905 „
472 3826 580 3888 tanto
626 3810 788 3912 amplius
827 3810 1000 3892 Vestram
1036 3813 1398 3905 Reverendislimant
1439 3813 1762 3895 Dominationem

416 3962 443 4005 „
470 3912 738 4013 compellimur
764 3910 989 4015 astringere,
1014 3938 1158 4015 quanto
1183 3938 1230 3993 ex
1258 3916 1332 3994 hoe
1359 3915 1499 3994 nedum
1529 3912 1773 4014 ipsrsFratri-.

415 4062 443 4106 „
468 4012 569 4108 bus,
587 4014 627 4092 8(
654 4012 764 4093 nobis
789 4017 1108 4116 complacentiam
1134 4016 1371 4116 specialem,
1397 4015 1458 4093 sed
1485 4014 1601 4096 etiam
1630 4012 1762 4093 nostra

415 4110 653 4228 „Civitatis
679 4115 870 4196 Dominio
895 4117 1080 4218 spirituali
1106 4114 1245 4214 faciet,
1270 4116 1307 4195 8(
1333 4117 1557 4218 temporali.
1584 4116 1769 4217 Insuper,

417 4264 444 4308 ‚‚
469 4234 559 4395 {ga
585 4242 703 4319 nuper
729 4217 978 4322 accepimus,
1014 4219 1209 4320 quomodo
1245 4217 1365 4298 totius
1391 4217 1608 4320 Religionis
1636 4217 1764 4317 pradi-

421 4365 449 4408 „
537 4340 646 4421 rum,
672 4341 719 4400 ex
744 4345 818 4423 qua
843 4320 886 4402 in
912 4319 984 4401 hac
1011 4318 1319 4407 nosltaCivitate
1346 4342 1423 4402 tam
1437 4319 1680 4402 laudabiliter
1691 4344 1765 4399 coe·

811 4449 815 4461 ·
1539 4443 1715 4524 „mmm

588 4573 593 4581 ’
1492 4570 1517 4613 s
