3800 5342
490 372 545 459 72
1478 430 1481 431 f

425 498 585 596 telluri,
608 490 891 598 quiroluerunt
913 488 1185 571 facerebonam
1212 476 1437 569 relationem
1448 482 1624 567 Domino
1636 484 1765 593 Papa.

429 602 500 683 Sed
524 602 573 679 D.
587 601 683 697 Papa
710 592 836 673 noluit
862 592 932 672 illo
959 615 1069 669 mane
1096 591 1210 691 ipsam
1237 590 1390 687 audire,
1415 588 1565 669 dicens:
1591 590 1687 670 Non
1713 592 1770 671 in·

432 697 823 803 cipiamrrshocmane
848 692 1164 773 cumfratribus:
1191 692 1287 772 &ex
1313 693 1478 770 hocnon
1504 689 1683 771 suitsadla
1704 718 1775 792 pro

430 826 522 883 runc
535 797 690 879 relatio.
718 794 845 874 Pollea
873 795 1098 874 Procurator
1109 793 1265 873 Ordinis
1292 790 1513 873 sollicitavit
1540 792 1772 893 pluriesDo

431 903 582 983 minum
610 895 915 991 Bononiensem,
940 894 1043 996 quod
1068 894 1205 976 faceret
1232 894 1349 998 ipsam
1376 891 1602 973 relationem
1641 896 1773 997 Papa,

430 1003 494 1086 cui
519 1002 595 1104 ipse
622 994 832 1100 respondit:
859 1021 931 1097 ego
956 997 1144 1097 cognosco
1167 995 1431 1077 conditionem
1452 993 1616 1074 Domini
1644 996 1773 1099 Papae

430 1130 511 1187 non
537 1100 589 1182 est
616 1103 760 1180 bonum
786 1098 982 1178 moleslare
1008 1123 1118 1178 eum:
1146 1122 1218 1201 ego
1242 1099 1404 1203 captabo
1425 1095 1524 1174 mihi
1539 1096 1775 1179 horamcon·

430 1228 563 1309 gruum
586 1229 599 1297 ς
625 1201 662 1280 δι
690 1221 781 1281 tunc
808 1199 942 1280 sacia‘m
970 1201 1220 1289 relationem,
1246 1201 1297 1278 Et
1325 1220 1416 1279 tunc
1426 1199 1652 1280 Procurator
1671 1225 1775 1280 com·

428 1304 531 1388 milit
557 1303 773 1384 discretioni
800 1302 904 1403 sua,
929 1322 974 1381 ut
1001 1301 1180 1383 videlicet
1206 1301 1313 1381 illam
1340 1299 1512 1396 iaceret,
1544 1302 1697 1402 qnando
1724 1300 1778 1382 vi·

430 1409 583 1489 deretur
607 1404 816 1507 prudentiae
844 1405 940 1499 suar
965 1403 1003 1482 dt
1029 1402 1077 1485 fic
1103 1428 1151 1491 ex
1176 1404 1249 1485 hac
1272 1403 1381 1484 causa
1407 1402 1523 1481 dilata
1543 1400 1596 1482 est
1617 1403 1778 1502 relatio,

432 1535 514 1590 nott
537 1526 586 1587 ex
612 1505 843 1609 negligentia
869 1505 1049 1604 alterius,
1074 1502 1135 1585 sed
1162 1530 1209 1585 ex
1236 1503 1466 1607 prudentia,
1493 1529 1541 1585 ne
1569 1504 1777 1587 habeamus

432 1610 709 1712 responsionem
737 1607 952 1709 negativam
967 1607 1034 1704 ‚·si
1061 1607 1197 1689 relatio
1217 1606 1323 1688 fieret
1345 1629 1517 1708 ternpore
1537 1605 1775 1709 incongruo,

433 1711 614 1793 videlicet
650 1709 928 1813 quando-Papa
956 1707 1112 1790 nonest
1147 1710 1245 1791 bene
1280 1707 1506 1811 dispositus.
1542 1706 1632 1788 ntia
1657 1709 1778 1791 etiam

336 1842 338 1846 ⁸
433 1814 543 1897 causa
568 1811 676 1893 didiae
700 1812 893 1891 dilationis
919 1809 994 1890 suit
1019 1832 1171 1913 propter
1196 1812 1366 1912 quadarn
1396 1835 1518 1908 nova,
1543 1835 1626 1927 quar
1652 1809 1777 1913 super·

413 1933 625 1996 -venerunt
651 1913 692 1993 in
720 1915 867 2008 Roma,
893 1935 1049 2015 propter·
1068 1938 1153 2015 quar
1179 1913 1372 1993 Dominus
1400 1912 1496 2012 Papa
1522 1908 1594 1990 surt
1621 1936 1781 2014 occupa·

263 2040 266 2045 '
301 2097 306 2101 ,
433 2038 499 2098 tus
525 2017 565 2096 in
591 2014 751 2112 arduis,
787 2014 825 2093 δι
851 2012 899 2094 stc
926 2041 1005 2095 non
1032 2014 1104 2094 suit
1131 2037 1280 2116 tempus
1305 2012 1487 2116 loquendi
1512 2014 1558 2093 de
1585 2011 1690 2093 sadlis
1717 2040 1784 2095 no·

437 2119 540 2200 stris.
568 2116 661 2199 Non
687 2140 779 2217 ergo
804 2115 945 2205 curetis
972 2116 1018 2199 de
1044 2115 1254 2212 dilatione,
1280 2114 1491 2195 dummodo
1515 2114 1784 2234 perveniamus

440 2220 487 2301 ad
513 2221 707 2300 intentum
735 2218 935 2298 nostrum.
963 2218 1095 2298 Frater
1117 2217 1308 2317 Iohannes
1335 2215 1537 2297 Dominict
1564 2214 1694 2297 scribit
1720 2217 1785 2298 νὸ-

440 2322 524 2417 bis,
547 2321 650 2423 quod
677 2320 792 2398 habet
821 2320 893 2399 boc
920 2328 991 2420 pro
1016 2315 1149 2415 tatto,
1182 2342 1229 2399 ex
1254 2344 1333 2419 quo
1358 2317 1598 2398 commissum
1625 2315 1677 2399 est
1704 2318 1787 2401 Do·

442 2424 549 2502 mino
576 2418 826 2501 bononiensi.
854 2422 939 2502 Nos
964 2440 1118 2514 autem,
1143 2419 1210 2521 qui
1236 2419 1365 2499 sumus
1392 2420 1432 2497 in
1444 2420 1590 2518 Curia,
1616 2446 1695 2502 non
1722 2421 1787 2502 ha·

442 2528 579 2607 bernus
604 2546 671 2624 pto
698 2519 829 2617 sarto,
864 2534 1072 2625 quousque
1100 2525 1306 2602 habeamus
1332 2521 1483 2601 bullam
1507 2547 1520 2617 ς
1546 2521 1788 2622 quiamulta

440 2626 503 2707 im
547 2626 718 2703 dimenta
746 2624 892 2724 possunt
917 2649 1149 2718 occurrere,
1185 2648 1269 2726 qua
1294 2621 1415 2703 homo
1441 2645 1519 2701 non
1544 2621 1721 2724 cogitat:
1750 2624 1789 2707 dt

444 2650 582 2832 posia
596 2725 762 2805 finaliter
788 2725 906 2819 dicit,
931 2726 1095 2824 qualiter
1123 2722 1372 2804 Prouincialis
1392 2725 1586 2804 Romanus
1609 2724 1790 2805 Domini·

444 2856 489 2910 ca
518 2828 639 2930 prima
664 2826 706 2927 in
732 2825 1028 2926 Quadragefima
1053 2827 1291 2907 consecratus
1315 2824 1370 2905 est
1395 2823 1559 2926 inlipisc
1639 2849 1679 2906 m
1700 2826 1791 2908 Ful·

446 2931 618 3033 ginarem
645 2931 715 3010 &c
743 2929 890 3009 Datum
919 2927 1012 3025 ubi,
1036 2927 1236 3032 &qnando
1262 2930 1390 3032 supra.
1418 2928 1551 3009 Vellet
1593 2926 1791 3012 raterlior·

449 3034 679 3119 rholomaeus
705 3033 776 3111 dre.
818 3080 822 3089 ·

501 3140 601 3215 ltern
628 3136 902 3234 consequenter
937 3134 1062 3236 recepi
1100 3159 1214 3215 unam
1254 3135 1404 3216 literam
1431 3160 1453 3214 a
1478 3135 1593 3216 fratre
1616 3132 1792 3237 Iohanne

449 3234 686 3331 Dominici‚
723 3261 787 3337 per
814 3236 935 3337 ipsum
963 3238 1138 3340 scriptam
1167 3238 1369 3318 Florentia
1405 3238 1467 3319 die
1494 3237 1627 3317 oslava
1654 3234 1792 3317 Martii

451 3335 695 3519 silisis
710 3338 1794 3543 l‘&llllflarlllllldrrdlll”llll

742 3496 750 3514 ο
1580 3496 1593 3536 ‚
1781 3486 1793 3502 ⁶

450 3566 528 3643 pe,
555 3562 665 3641 prout
691 3540 738 3618 de
765 3542 889 3621 Roma
915 3541 1092 3621 scribitur
1119 3543 1238 3620 mihi.
1265 3543 1381 3623 Nulli
1406 3543 1588 3624 Sororum
1613 3539 1795 3623 consuevi

451 3643 689 3742 singulariter
726 3643 921 3739 scribere,
959 3670 1005 3723 ne
1044 3642 1189 3723 invidia
1224 3645 1351 3746 surgat
1386 3643 1594 3743 mulierum
1619 3643 1794 3740 sodalis3

479 3766 680 3845 uaproprer
705 3769 813 3845 parce
840 3768 882 3823 tu
909 3745 1101 3844 Scriptor⁹
1127 3745 1357 3827 &Domina
1382 3744 1573 3850 patienter
1599 3744 1675 3826 hoc
1701 3744 1795 3827 ferat

491 3873 522 3927 c.
551 3848 697 3924 Datum
725 3846 818 3941 ubi,
842 3847 881 3924 dc
907 3848 1058 3946 quando
1085 3849 1212 3949 supra.
1241 3847 1373 3928 Frater
1392 3849 1559 4030 Ioannes
1572 3845 1795 3931 Dominici.

505 3950 604 4027 Item
633 3948 756 4047 recepi
785 3949 1079 4027 unam-literam
1106 3974 1129 4026 a
1155 3948 1367 4051 supradidlo
1414 3949 1512 4029 taliae
1525 3949 1797 4050 Vicario,·per

339 4086 346 4091 ’
451 4049 572 4150 ipsum
602 4050 775 4151 scriptam
803 4051 936 4127 Rornae
964 4050 1024 4128 die
1051 4049 1357 4153 decimoseptima
1383 4051 1546 4149 Martii,
1574 4051 1613 4132 in
1638 4076 1714 4154 qua
1733 4050 1798 4131 stc:

387 4178 391 4183 ’
450 4151 683 4229 Charissrme
708 4148 858 4228 Frater.
888 4152 1014 4231 Hodie
1041 4152 1165 4252 recepi
1194 4177 1309 4232 unam
1336 4152 1489 4235 literam
1519 4152 1714 4251 vestram,
1741 4153 1797 4232 da·

345 4328 355 4347 ,
455 4272 535 4355 tam
563 4253 624 4329 die
654 4252 830 4350 vigefima
858 4255 1014 4355 septima
1043 4253 1238 4332 Februarii
1261 4281 1274 4349 3
1311 4253 1351 4334 in
1377 4253 1581 4356 quainter
1615 4254 1690 4335 alia
1717 4251 1801 4336 scri·

454 4354 570 4451 bitis,
594 4355 697 4456 quod
722 4353 950 4437 sollicitetur
977 4355 1170 4437 Dominus
1196 4355 1463 4439 bononiensia.
1491 4356 1553 4439 Ad
1578 4354 1801 4463 quoddieo‚

1566 4491 1568 4495 J
1661 4481 1758 4560 quo,
