3800 5342
478 374 557 458 392

414 520 473 582 rer
503 501 552 597 ¹in
578 496 654 603 ipsa
684 495 822 577 ultima
859 491 1082 598 egritudine
1118 490 1267 576 ancilla
1292 491 1479 594 Christi,
1514 518 1603 577 cum
1641 496 1764 583 semel

415 604 589 684 eamdem
617 601 656 679 in
682 597 804 694 sebio,
830 619 873 677 ut
900 597 1182 699 aliquantulum
1208 598 1440 698 quiesceret,
1465 598 1696 700 reliquisset,
1722 603 1762 681 dt

413 728 502 786 ecce
540 702 618 804 poss
643 701 839 801 modicum
875 698 981 781 audit
1017 698 1161 778 servam
1188 699 1334 779 Cbrisii
1370 694 1596 780 admirative
1632 701 1760 783 dicen·

415 826 516 888 tem:
542 807 705 906 Oquam
732 800 906 903 gentium
933 800 985 880 est
1009 800 1077 879 ista
1101 801 1262 900 pulchra
1281 824 1456 899 caterva,
1481 802 1758 904 &consequen

415 928 474 987 rer
499 905 609 1000 altis,
633 906 671 984 8<
698 902 902 1006 geminatis
920 899 1080 982 vocibus
1101 901 1364 1001 clamantem,
1390 906 1429 983 O
1454 901 1568 985 Beate
1595 906 1658 983 Fr.
1687 906 1759 984 Ni·

416 1009 551 1092 colae:
578 1010 618 1085 Ο
643 1007 757 1085 Beate
785 1007 843 1084 Fr.
884 1002 1050 1084 Nicolae
1071 1029 1085 1100 ς
1109 1003 1149 1083 8(
1175 1006 1369 1086 addebat:
1406 1007 1445 1083 O
1471 1025 1659 1107 quantum
1687 1029 1757 1087 vos

314 1185 318 1189 ,
414 1109 597 1210 diligebat
625 1106 666 1186 in
691 1106 901 1203 Domino,
926 1104 1079 1207 quando
1103 1105 1227 1186 adhuc
1253 1104 1367 1197 eratis
1392 1105 1516 1186 viator
1542 1107 1584 1186 in
1612 1106 1681 1186 illa
1707 1107 1763 1186 vi·

412 1231 453 1291 ta
488 1209 676 1306 mortali,
712 1209 788 1289 esto
816 1230 944 1287 tamen
979 1207 1084 1311 quod
1109 1231 1304 1311 nunquam
1340 1229 1433 1289 tunc
1460 1207 1587 1289 vellrae
1625 1210 1763 1289 locuta·

413 1311 551 1392 suerim
577 1310 746 1391 caritati.
774 1313 873 1427 Qua
898 1333 987 1389 cum
1015 1308 1093 1408 ejus
1105 1307 1235 1391 Mater
1259 1306 1414 1391 audiena
1434 1308 1760 1412 appropinquasset

413 1415 460 1494 ad
485 1413 603 1492 filiam
623 1412 773 1515 ,ipsam
800 1432 1034 1513 interrogare
1058 1412 1199 1513 coepit,
1225 1438 1269 1493 ac
1295 1413 1440 1493 dicere.
1467 1416 1505 1491 Ο
1531 1436 1615 1491 cara
1643 1410 1759 1508 filia,

416 1539 499 1618 quae
526 1513 594 1593 illa
618 1514 740 1612 sunt,
772 1539 857 1615 quae
884 1534 926 1592 tu
953 1511 1048 1595 dicis
1077 1567 1089 1595 .
1124 1513 1205 1595 Cui
1232 1514 1331 1594 illa:
1367 1516 1404 1593 O
1428 1538 1514 1594 cara
1540 1512 1693 1593 Mater:
1715 1517 1760 1592 Ο

413 1641 492 1697 non
519 1615 657 1696 videtis
694 1641 801 1712 vos,
833 1639 948 1796 auam
983 1613 1186 1717 gloriosam
1214 1616 1501 1697 multitudinem
1527 1613 1758 1694 dileblorurrt

414 1716 514 1797 Dei.
540 1717 591 1795 Et
618 1742 706 1796 cum
735 1718 809 1796 boc

414 1842 504 1898 vam
533 1817 735 1898 caebstium
771 1816 917 1898 civium
944 1818 990 1897 ad
1017 1817 1133 1919 ipsam
1161 1819 1324 1918 venisse,
1350 1819 1496 1898 &eam
1524 1820 1569 1898 ad
1595 1817 1758 1898 caelestes

413 1917 563 2021 nuptias
589 1919 783 2018 invitasse,
808 1918 943 2000 deinde
969 1920 1014 1998 ad
1027 1920 1177 2001 Caelum
1204 1922 1375 2019 rediisse,
1399 1919 1522 2001 statim
1542 1920 1663 2023 coepit
1684 1945 1759 1999 rna-

413 2023 498 2122 gnis
525 2021 684 2103 vocibus
703 2022 909 2121 clamare,
944 2022 981 2102 8<
1007 2022 1207 2103 clamando
1233 2023 1438 2103 multoties
1458 2023 1638 2125 replicare
1665 2077 1680 2112 ,
1716 2047 1759 2102 ac

413 2122 630 2225 replicando
652 2123 904 2222 invalescere,
921 2123 1068 2226 sarsum
1096 2120 1146 2203 ad
1171 2118 1503 2225 Cesum,·firrsum
1528 2116 1759 2203 areolum.

414 2226 465 2302 Er
493 2224 706 2305 intantum
734 2246 777 2304 ut
804 2252 884 2305 non
910 2250 1069 2328 parvum
1095 2226 1291 2344 spatium,
1317 2249 1518 2331 antequam
1546 2227 1760 2321 reticeret,

413 2325 651 2429 postmodum
681 2327 940 2429 pertransiret,
967 2353 1172 2409 nonenim
1203 2329 1401 2410 videbatur
1423 2331 1521 2429 posse
1539 2327 1653 2408 'elisiis
1675 2327 1759 2406 assc-

862 1716 1016 1815 ixisset,
1053 1739 1234 1818 tanquam
1260 1719 1406 1798 vidisset
1426 1716 1616 1821 prasatam
1644 1737 1763 1798 cater-
1887 1803 1889 1807 ,

412 2427 547 2507 bluosrs
569 2429 798 2509 clamoribus
824 2453 898 2530 pra¹
923 2429 1104 2510 desiderio
1129 2432 1242 2511 eundi
1270 2432 1481 2511 inCoelum
1509 2432 1556 2510 ad
1583 2429 1759 2532 sponsum
1891 2462 1892 2537 χ

411 2530 969 2637 suumquodammodosatiari‚
996 2532 1235 2632 Quinetiam
1256 2531 1472 2614 existimans
1499 2555 1591 2613 tunc
1619 2554 1667 2612 ex
1690 2530 1761 2610 bac

413 2631 697 2733 lucemigrare,
723 2632 986 2734 ingeminabat
1004 2634 1213 2732 clamores,
1238 2635 1423 2733 dicendo,
1448 2644 1496 2713 In
1520 2654 1761 2713 manustram

414 2729 577 2812 Domine
602 2731 814 2812 commendo
831 2732 1009 2835 spiritum
1035 2762 1277 2840 mrum,pr0
1302 2756 1346 2818 ut
1371 2735 1562 2839 copiosius.
1582 2735 1682 2815 infra
1707 2734 1762 2813 dis

414 2852 552 2913 cetur.
589 2836 660 2914 Sed
688 2860 890 2938 antequam
927 2839 1129 2942 procedam
1157 2840 1317 2923 ulterius
1343 2839 1505 2921 noveris.
1526 2834 1666 2918 dilesle
1691 2840 1759 2916 Le·

417 2934 533 3032 blot,
559 2960 673 3037 quare
700 2937 927 3038 supradiblus
955 2942 1014 3018 Fr.
1038 2940 1224 3021 Nicolaus
1241 2940 1324 3043 sp)
1351 2943 1471 3023 suerat
1498 2940 1600 3045 filius
1635 2938 1757 3039 cujus·

414 3038 501 3115 darn
531 3038 704 3138 Magistri
723 3040 878 3138 Joannis
904 3041 946 3120 in
974 3042 1171 3121 Medicina
1194 3042 1373 3124 Dobloris
1393 3044 1527 3125 eximii
1551 3040 1763 3123 habitantis

413 3138 455 3216 in
482 3141 656 3254 Veneriis
683 3139 787 3238 juxta
813 3142 1019 3222 Ecclesiam
1041 3146 1181 3224 Sanblae
1209 3147 1387 3243 Fuschae,
1412 3149 1450 3226 &
1472 3146 1575 3246 cujus
1593 3143 1758 3243 genitris

413 3241 544 3320 extitit
569 3243 738 3343 quadam
768 3243 939 3323 Domina
974 3243 1212 3328 Venerabilis
1236 3250 1390 3345 Lucia,
1425 3274 1507 3350 quae
1546 3244 1615 3325 suit
1640 3246 1760 3323 Soror

410 3341 570 3421 Ordinis
605 3347 651 3421 de
688 3344 918 3423 Poenitentia
962 3347 1085 3426 Beari‘
1108 3349 1346 3439 Dominiei:
1394 3349 1603 3450 habuitque
1636 3344 1763 3426 didius

410 3444 473 3523 Fr.
502 3442 687 3560 Nicolaus
714 3471 828 3525 unam
856 3470 1076 3555 germanam
1100 3475 1162 3528 ex
1188 3451 1296 3555 diesis
1324 3453 1543 3555 parentibus
1571 3470 1650 3527 tam
1679 3470 1759 3542 re,
1891 3438 1892 3469 ¹

411 3564 527 3645 quam
554 3570 707 3625 nomine
735 3549 1022 3649 Margaritam,
1056 3576 1139 3651 quar
1174 3552 1579 3653 suit-Sandimonialis
1604 3551 1647 3628 in
1677 3550 1760 3627 Mo·
1891 3562 1892 3641 ἱ

410 3644 574 3725 nasterio
604 3649 788 3749 Corporis
820 3651 966 3729 Chrilli
987 3651 1043 3731 tle
1062 3653 1426 3734 Veneriis20rdinis
1463 3654 1758 3733 Praedicatorum
1891 3658 1892 3725 Γ

410 3747 583 3827 ubitam
611 3749 862 3851 virginalem,
887 3778 1003 3853 quarn
1030 3753 1192 3833 sensiam
1218 3757 1257 3835 dr
1283 3752 1454 3836 caelibem
1484 3758 1605 3834 vitam
1632 3752 1760 3833 duxit.

409 3848 547 3930 Didius
574 3874 701 3930 autern
730 3854 790 3932 Fr.
817 3853 1005 3934 Nicolaus
1040 3879 1130 3935 cum
1157 3859 1245 3937 esset
1281 3858 1401 3938 atatis
1427 3859 1576 3937 XVIII.
1609 3858 1762 3936 circiter
1891 3906 1892 3925 r

409 3976 597 4031 annorum
626 3955 813 4033 mundum
840 3980 886 4034 ex
913 3978 998 4049 toto
1023 3961 1275 4059 relinquens,
1301 3984 1355 4039 ac·
1373 3960 1489 4038 lludia
1516 3959 1684 4039 scientiae
1708 3958 1762 4035 se·

408 4054 584 4153 culatis,
619 4082 707 4135 curn
735 4055 923 4137 immenso
958 4057 1118 4138 fervore.
1133 4059 1321 4151 Ordinem
1348 4061 1644 4163 psalterum-in
1669 4062 1762 4147 locu

318 4244 324 4257 .
407 4153 536 4234 Sanni
565 4158 765 4238 Dominici
791 4158 838 4237 de
866 4159 1040 4239 Venetiis
1066 4160 1118 4249 el'r
1152 4163 1374 4263 ingressus.⁴
1400 4160 1643 4243 Er³finatiter
1668 4182 1762 4242 cum

408 4279 561 4359 propter
587 4259 696 4337 suum
722 4258 866 4348 ‚Sans'tae
891 4261 1108 4365 Religionis
1132 4264 1498 4373 sommendabilem'a
1509 4267 1667 4367 zelum,
1692 4261 1763 4343 mi'·

409 4400 415 4409 .
1209 4386 1213 4399 ·
1385 4416 1387 4418 ,
1427 4390 1447 4419 ,’
1470 4424 1492 4439 .·
1532 4428 1539 4441 ⁸
1632 4390 1715 4450 ran,

446 4469 508 4553 (9)
525 4476 570 4535 De
589 4474 646 4537 hoc
665 4480 768 4543 Fratre
787 4479 913 4546 Nicolao
931 4481 1019 4564 plura
1037 4484 1273 4555 memenrurdn
1293 4490 1435 4571 superiori
1456 4487 1621 4555 Tradatu.
