3800 5342
1873 246 1875 321 l

1873 360 1875 447 l

495 361 579 440 160

473 510 584 603 ,Item
610 494 685 584 alia
710 497 840 580 habita
866 495 939 579 suit
965 496 1013 577 de
1037 495 1165 578 mense
1176 490 1402 578 Decembris
1427 494 1518 579 diui
1541 492 1633 577 anni
1659 493 1786 579 aDo·

319 629 328 645 ’
433 609 545 690 mino
571 606 756 709 Episcopo
783 599 1015 695 Veronensi,
1040 600 1146 697 cuius
1173 619 1282 678 tenor
1309 599 1395 680 talis
1419 598 1496 696 est,
1517 599 1720 680 videlicet:
1875 670 1876 734 p

485 709 655 810 Angelus
680 703 935 804 Burbarigho,
962 700 1063 798 Dei,
1085 702 1126 779 8(
1153 706 1186 779 Α
1242 700 1378 782 llolicae
1404 701 1510 781 Sedis
1535 701 1656 802 gratia
1682 697 1780 800 Epi·
1875 780 1876 799 p

431 813 564 913 scopus
590 800 1056 899 Veronensis,-Univetlis
1080 802 1179 884 Chri
1214 802 1436 898 ifidelibus,
1464 803 1660 905 presentes
1686 802 1783 880 Γπεὲ
1875 812 1876 817 '

298 906 306 915 ’
414 938 491 1003 ,ras
518 907 761 1012 inspcdiuris,
786 907 979 1000 Salutem,
1004 903 1043 984 8(
1069 926 1201 1006 pacem
1227 902 1268 983 in
1291 904 1463 985 Domino
1473 906 1782 1023 sempiternam.

454 1013 588 1093 *Cum
614 1035 683 1089 nos
710 1006 905 1087 inferiores
927 1005 1075 1086 Praelati
1102 1005 1273 1087 instituta
1293 1005 1443 1087 Summi
1464 1005 1684 1102 Pontificis,
1708 1004 1782 1083 Se«
1875 1040 1877 1049 ⁴

430 1115 563 1216 disque
591 1109 815 1211 Apostolicae
850 1107 1055 1188 debeamus
1081 1102 1221 1188 metito
1256 1108 1461 1206 revereri,
1496 1132 1540 1188 ae
1575 1107 1692 1186 etiarn
1732 1105 1780 1183 in

431 1213 757 1297 conservationem
775 1266 788 1307 ,
809 1229 923 1313 atque
949 1212 1230 1311 promotionem
1253 1211 1479 1290 eorumdem
1506 1210 1636 1290 deceat
1659 1259 1674 1305 ‚
1700 1226 1782 1285 uos

430 1336 590 1398 ornnem
615 1334 853 1414 congruum,
878 1311 917 1391 8(
942 1311 1115 1393 debitum
1140 1312 1312 1393 savorem
1339 1310 1590 1411 impendere,
1627 1308 1782 1409 praeser-

430 1416 505 1497 tim
532 1414 810 1517 quandotalia
845 1414 967 1511 sunt,
1002 1439 1086 1515 quac
1121 1434 1370 1515 augmentum
1399 1410 1536 1491 Divini
1571 1412 1695 1491 cultus
1730 1409 1781 1488 8(
1877 1440 1878 1461 ³

431 1519 578 1601 Sanciae
604 1515 818 1617 Religionis
843 1539 1074 1596 concernere
1100 1513 1389 1615 dignoscuntur:
1417 1514 1548 1615 Sitque
1568 1511 1678 1592 nobis
1702 1532 1781 1611 pru

432 1642 537 1724 parte
566 1617 705 1699 Peioris
732 1619 931 1713 Fratrum,
958 1618 995 1696 8(
1022 1616 1200 1696 Priorissae
1228 1619 1408 1697 Sororum
1435 1614 1593 1697 Ordinis
1617 1615 1663 1694 de
1691 1614 1779 1693 Pue-

429 1720 597 1803 nitentia
622 1721 663 1799 B.
690 1718 891 1800 Dominici
918 1739 996 1798 tum
1024 1718 1219 1821 approbati
1249 1774 1263 1817 ‚
1298 1738 1413 1820 quam
1440 1716 1555 1798 etiarn
1583 1734 1647 1820 per
1672 1736 1780 1833 eam*

306 1881 309 1897 ,
431 1825 521 1904 dem
546 1822 745 1904 SedemA
798 1821 966 1903 stolicam
994 1820 1215 1902 solemniter
1234 1820 1474 1919 confirmati,
1500 1840 1611 1923 prout
1638 1820 1780 1914 nubant

461 1925 502 2004 ui
527 1925 635 2030 super
670 1923 710 2003 id
768 1924 885 2003 ullam
914 1921 1025 2025 ipsius
1050 1923 1155 2003 Sedis
1187 1922 1412 2025 Apostolicae
1449 1921 1693 2025 personaliter
1719 1918 1782 1996 vi·-

433 1952 647 2123 gimuss&
673 2026 715 2104 in
742 2025 918 2106 manibus
944 2026 1104 2129 propriis
1125 2025 1352 2122 habuimus,
1377 2024 1553 2122 constat,
1571 2021 1777 2103 humiliter

432 2127 708 2232 supplicatum,
734 2149 921 2230 quatenus
941 2148 1019 2207 tam
1033 2126 1199 2227 personis
1223 2125 1315 2206 didli
1328 2126 1510 2224 Ordinis,
1533 2150 1648 2228 quum
1661 2122 1776 2219 aliis,

432 2230 575 2312 eisdem
603 2227 745 2309 essedis
771 2284 784 2325 ,
812 2229 858 2309 ad
884 2228 1026 2330 praesnti
1053 2228 1210 2308 Ordinis
1236 2246 1512 2329 augumentum
1539 2228 1683 2328 aliquas
1711 2227 1776 2303 ln·
1879 2272 1880 2301 ³

429 2331 647 2433 dulgentias
671 2331 825 2430 elargiri
855 2330 1072 2431 benigniter
1097 2329 1375 2431 dignaremur:
1413 2331 1516 2410 Hinc
1543 2329 1635 2425 etl,
1670 2326 1777 2429 quod
1878 2322 1880 2407 !

432 2456 525 2514 tam·
540 2433 685 2512 intuitu
707 2432 882 2510 omnium
895 2430 1216 2532 supradictorum,
1241 2458 1354 2534 quatu
1382 2432 1497 2513 etiam
1526 2427 1694 2532 respediu
1712 2455 1780 2507 cu·

431 2536 577 2638 jusdam
605 2531 839 2612 admirabilis
867 2533 1071 2633 Virginis,
1098 2535 1139 2613 B.
1165 2536 1386 2614 Catharinae
1412 2535 1458 2614 de
1486 2534 1633 2631 Senis,
1669 2531 1780 2631 cujus

432 2637 556 2719 uitam
582 2633 789 2730 eximiam,
815 2631 1101 2738 dodltinamque
1128 2635 1359 2738 perspicuum
1387 2636 1426 2715 in
1453 2656 1555 2738 parte
1588 2633 1779 2734 legimus,
1880 2664 1881 2713 t

433 2737 472 2817 8(
497 2760 580 2839 quae
617 2735 718 2815 inter
744 2735 836 2816 alias
872 2736 1067 2850 praecipuae
1092 2737 1310 2817 Sanblitatis
1342 2738 1514 2838 personas
1540 2738 1657 2816 Soror
1682 2734 1778 2814 dieti
1880 2742 1881 2745 ‘

432 2839 595 2918 Ordinis
620 2836 781 2931 extitit3
818 2835 1036 2934 hujusmodi
1064 2838 1224 2937 prasatis
1251 2838 1587 2941 supplicationibus
1613 2839 1778 2917 rationaa
1879 2882 1881 2885 -

432 2940 564 3022 biliter
589 2938 796 3035 inclinati,
823 2940 869 3017 de
894 2939 1185 3041 omnipotentis
1213 2939 1288 3019 Dei
1317 2940 1572 3031 misericordia
1594 2996 1608 3036 ,
1633 2939 1672 3018 8(
1697 2938 1776 3017 BR

434 3042 561 3136 Petri,
587 3042 625 3121 8(
651 3040 784 3136 Pauli,
811 3038 1081 3139 Apostolorum
1108 3042 1188 3137 eius
1213 3095 1227 3137 ,
1253 3041 1438 3138 metitis,
1474 3044 1512 3122 8(
1549 3039 1779 3122 audioritate

430 3143 587 3240 confisi,
612 3142 793 3223 omnibus
821 3167 909 3220 vere
935 3143 1238 3244 poenitentibus,
1261 3143 1509 3241 &consessts‚
1535 3145 1582 3222 ud
1608 3141 1777 3222 nostram

434 3244 643 3324 Dioecesrrn
670 3242 973 3346 pertinentibus,
998 3244 1099 3345 qui,
1136 3245 1197 3323 vel
1223 3268 1307 3345 quae
1333 3246 1477 3325 didlum
1505 3245 1694 3326 Ordinem
1721 3245 1778 3323 in·

433 3366 559 3441 trare,
583 3345 621 3424 8(
647 3342 688 3423 in
714 3346 849 3424 eodem
878 3345 1081 3446 profiteri,
1117 3347 1206 3425 Deo
1231 3346 1343 3426 dante
1369 3403 1382 3443 ‚
1417 3347 1658 3428 decreverint
1684 3401 1697 3443 ‚
1731 3371 1778 3426 ac

431 3466 512 3525 tam
540 3444 647 3545 ipsis,
672 3472 784 3547 quarn
812 3446 929 3526 etiam
956 3448 1066 3543 aliis,
1090 3446 1181 3547 qui,
1209 3449 1270 3526 uel
1298 3474 1381 3549 quae
1399 3450 1616 3551 Capitulis,
1645 3448 1777 3528 secun·

432 3548 527 3627 dum
553 3547 643 3627 diui
670 3548 827 3629 Ordinis
853 3548 1031 3627 Instituta
1058 3550 1185 3628 meuse
1211 3551 1384 3650 quolibet
1411 3550 1689 3645 celebrandis,
1723 3550 1777 3627 in

432 3648 656 3747 tersuerint,
680 3652 718 3729 8(
744 3650 861 3745 viris,
887 3650 953 3751 qui
983 3650 1200 3748 Fratribus,
1226 3652 1264 3730 8(
1290 3652 1540 3749 mulieribus,
1566 3678 1649 3754 quac
1670 3653 1778 3731 Soro-

430 3751 536 3834 ribus
562 3752 698 3832 debitae
724 3751 924 3831 charitatis
950 3752 1129 3869 obsequia
1149 3753 1420 3851 exhibuerint,
1447 3776 1515 3834 nec
1544 3780 1621 3833 non
1649 3754 1778 3832 &om-

431 3852 568 3949 nibus,
595 3855 696 3953 qui,
730 3854 792 3931 vel
819 3877 902 3954 quae
928 3854 1098 3956 exequiis
1126 3856 1368 3955 personarum
1396 3855 1659 3935 defunt‘larum
1686 3854 1779 3955 ejus

431 3956 519 4034 dem
548 3955 707 4035 Ordinis
732 3956 976 4056 personaliter
1002 3955 1242 4052 intererint,
1278 3983 1346 4060 pto
1373 3958 1458 4038 adiu
1484 3960 1660 4059 quolibet
1688 3982 1775 4059 prae·

430 4056 620 4136 diuorum
659 4058 906 4160 quadraginta
932 4059 1012 4137 dies
1039 4059 1367 4159 Indulgentiarum
1396 4063 1442 4141 de
1474 4059 1677 4161 injunsia,
1713 4059 1779 4138 seu

429 4159 561 4238 debita
585 4160 640 4238 eis
667 4160 894 4261 poenitentia
921 4158 1214 4240 misericorditer
1249 4161 1290 4241 in
1320 4162 1493 4243 Domino
1529 4165 1780 4242 relaxamus.
1880 4228 1881 4239 r

431 4260 489 4339 Et'
510 4287 589 4341 non
616 4262 738 4341 solum
766 4261 805 4339 id
826 4261 1071 4341 concedimus
1099 4262 1316 4364 supradidiis
1338 4266 1470 4351 nostrae
1482 4260 1690 4361 Dioecelis,
1717 4261 1781 4342 sed

430 4363 547 4443 etiam
574 4363 740 4466 personis
764 4389 1091 4469 quarumcumque
1115 4367 1276 4448 aliarum
1304 4367 1563 4468 Dioecesum,
1599 4367 1782 4483 vel-Pto-

1645 4493 1730 4548 usn·
