3800 5342
526 388 611 466 126
695 443 709 457 .

455 533 479 611 s
524 530 695 627 osonis,
729 555 773 611 ac
799 527 913 609 nostri
940 527 1132 630 presentis
1163 527 1338 628 proposui
1377 526 1442 608 hic
1465 526 1630 628 judicavi
1654 529 1800 632 pontu.

485 660 574 712 um.
597 634 650 711 Et
677 632 750 710 hoe
777 634 816 711 in
844 633 991 728 latino,
1015 631 1108 710 licet
1134 630 1366 731 responderit
1393 632 1435 709 in
1462 631 1611 732 vulgari
1637 635 1707 714 sub
1732 636 1798 721 ista

458 732 606 829 forma,
631 732 832 813 videlicet:
1356 782 1359 789 -

506 836 626 933 Super
651 832 722 917 tria
749 829 888 934 ponda
913 830 1068 910 videtur
1091 830 1215 935 mihi,
1238 830 1338 934 quod
1365 828 1544 912 fundetur
1563 833 1684 914 vestra
1705 837 1796 938 peti·
1874 882 1875 885 κ

456 933 537 1029 tio,
565 934 589 1011 st
617 936 713 1013 bene
741 934 920 1035 scriptura
942 989 955 1027 ,
981 958 1094 1033 quam
1121 955 1169 1012 ex
1196 955 1301 1033 parte
1326 929 1444 1011 vestra
1471 935 1596 1036 recepi
1621 934 1754 1016 faciam
1781 994 1797 1037 ,

453 1059 540 1151 quae
566 1035 663 1111 mihi
690 1059 737 1113 ex
760 1058 865 1138 parte
891 1033 1010 1113 vestra
1036 1036 1255 1135 presentata
1280 1034 1377 1131 suit,
1401 1060 1467 1136 per
1493 1060 1557 1116 nte
1584 1039 1683 1117 bene
1702 1039 1796 1119 enti·

454 1156 506 1215 ttt
532 1135 748 1214 intellesia.

508 1237 659 1315 Primus
686 1236 847 1338 punsius
872 1235 923 1315 esi
949 1237 997 1313 de
1022 1253 1116 1315 voto
1143 1234 1263 1315 sosio.
1562 1323 1567 1334 ,

503 1337 703 1418 Secundus
724 1337 777 1417 est
802 1339 850 1416 de
875 1337 1059 1437 spirituali
1089 1340 1195 1416 Patre
1222 1335 1538 1432 contradicente,

506 1438 664 1518 Tettius
690 1439 743 1516 est
768 1440 813 1517 de
840 1439 1012 1536 tutione,
1037 1438 1084 1517 ad
1110 1439 1226 1517 talem
1245 1436 1584 1519 contradidisonem
1595 1459 1796 1519 movente.

504 1541 709 1637 Quantum
744 1543 792 1619 ad
817 1541 983 1642 primum
1010 1567 1023 1633 3
1049 1542 1128 1618 Lex
1154 1539 1284 1617 divina
1320 1539 1516 1640 respondet
1543 1539 1722 1639 puriter,
1756 1542 1791 1621 8(
1874 1566 1875 1571 ‘

453 1636 643 1736 humanat,
670 1641 873 1739 videlicet,
898 1643 1000 1744 quoti
1026 1641 1223 1756 quodlibet
1251 1640 1386 1737 justum
1414 1660 1550 1718 votnm
1575 1640 1690 1719 debet
1716 1641 1792 1740 jux·
1874 1734 1875 1737 p

453 1759 495 1817 ta
517 1741 800 1843 promisfionem
835 1744 1054 1824 executioni
1092 1741 1258 1821 mandari
1281 1768 1294 1831 3
1320 1742 1358 1820 8(
1382 1742 1471 1820 ideo
1503 1764 1595 1821 cum
1629 1740 1793 1824 feceritis
1874 1750 1875 1837 ἶ

452 1840 618 1940 v'otum,
665 1867 752 1923 tout
779 1843 876 1923 mihi
903 1844 1066 1924 scribitis
1094 1842 1300 1942 recipiendi
1328 1843 1503 1922 habitum
1530 1842 1691 1922 Ordinis
1709 1844 1791 1922 Fra·

452 1960 591 2040 trum,
691 1947 871 2024 Sororum
907 1947 953 2026 de
982 1944 1211 2025 Poenitentia
1238 1944 1278 2022 B.
1301 1941 1502 2023 Dominici
1537 1942 1635 2025 insta
1672 1968 1790 2026 unum

451 2065 597 2123 annum
618 2074 632 2139 3
656 2046 697 2124 8(
728 2047 799 2124 ‘am
826 2046 1045 2126 transierint
1069 2047 1184 2141 duo,
1207 2044 1282 2123 five
1309 2066 1404 2124 tres:
1430 2043 1514 2143 Iam
1541 2043 1667 2124 habeo
1687 2066 1792 2145 repu-

428 2163 559 2241 ftare,
579 2148 685 2245 qnod
708 2073 784 2227 sitis
809 2147 849 2226 in
878 2169 1035 2249 peccato
1058 2146 1243 2242 mortali,
1269 2171 1497 2246 quousque,
1522 2145 1588 2224 ubi
1616 2145 1794 2245 poffitis,

449 2239 625 2325 habitum
654 2248 896 2349 praelibatum
930 2274 1012 2327 nort
1036 2248 1220 2344 sumitis,
1254 2246 1322 2325 nisu
1347 2247 1470 2325 forsan
1505 2247 1613 2345 super
1648 2245 1688 2325 id
1714 2271 1790 2326 non

448 2344 643 2426 haberetis
665 2348 1186 2451 debitamdispensationem,
1210 2349 1258 2426 de
1281 2374 1355 2450 qua
1366 2345 1525 2442 dubito,
1550 2372 1597 2424 an
1620 2347 1791 2446 datipos·

444 2443 492 2522 sit
519 2473 541 2523 a
569 2446 712 2525 minori
739 2450 930 2546 Praelato,
966 2474 1080 2549 quam
1107 2448 1152 2529 fit
1179 2452 1311 2550 Papa.
1345 2449 1397 2526 Et
1424 2445 1522 2525 ratio
1557 2447 1671 2545 hujus
1695 2449 1787 2545 esi,

446 2545 538 2646 quia
563 2546 656 2627 licet
679 2551 924 2647 concedam,
947 2571 1084 2629 toturn
1111 2550 1274 2628 velitum
1301 2548 1409 2627 suisse
1431 2547 1620 2648 simplex,
1645 2549 1684 2627 8t
1712 2575 1789 2628 nou

446 2647 644 2743 solemne3
668 2644 948 2749 nihilominus,
973 2673 1084 2751 prout
1105 2649 1305 2730 votomell
1316 2649 1552 2750 Religionis,
1578 2648 1789 2752 incoeptum

376 2796 380 2803 x
445 2748 740 2829 matrimonium
765 2778 844 2830 non
868 2753 1072 2847 solventis,
1096 2753 1157 2833 sed
1184 2754 1283 2830 bene
1308 2749 1479 2829 sutorum
1505 2749 1785 2852 impedientis.

444 2847 501 2926 Et
526 2851 615 2965 quis
640 2852 750 2929 aliter
775 2854 972 2955 obligatur
996 2853 1237 2953 Religiosus,
1260 2852 1297 2930 8(
1323 2850 1482 2930 ssridlius
1502 2905 1516 2947 ,
1540 2876 1657 2952 quam
1685 2852 1793 2947 ille,

445 2948 513 3050 qui
537 2954 576 3030 td
602 2952 826 3054 fimpiiciter
848 2957 960 3034 vovit
984 2959 1125 3054 absque
1149 2953 1355 3052 Religione
1379 2978 1392 3046 3
1419 2951 1546 3046 Dico,
1569 2953 1675 3051 quod
1698 2950 1790 3030 inst·

444 3049 535 3129 mili
562 3075 660 3132 voto
681 3053 810 3132 minor
826 3108 848 3149 ,
865 3080 981 3156 quam
1008 3057 1135 3154 Papa,
1154 3054 1362 3152 dispensate
1386 3079 1463 3132 non
1490 3051 1640 3151 potest.
1665 3052 1716 3129 Et
1743 3070 1791 3130 ut

410 3154 418 3165 '
444 3149 523 3232 stt-is
549 3176 679 3249 certa,
701 3155 739 3232 8(
765 3157 863 3233 bene
888 3157 1013 3252 clara,
1038 3180 1156 3256 quare
1178 3152 1249 3234 iste
1273 3152 1458 3249 habitus,
1483 3154 1521 3231 8(
1548 3152 1616 3231 ista
1640 3152 1793 3254 Regula

445 3254 497 3329 de
521 3253 754 3333 Poenitentia
778 3255 819 3333 B.
848 3254 1051 3336 Dominici
1076 3254 1130 3333 est
1155 3281 1255 3336 unus
1277 3253 1474 3353 singularis
1492 3256 1628 3350 Ordo,
1650 3254 1691 3332 8(
1717 3277 1792 3331 unu
1874 3302 1875 3305 κ

445 3348 648 3452 singularis
669 3354 823 3456 Religio
850 3382 868 3449 3
888 3358 986 3437 scire
1009 3383 1078 3437 vos
1103 3357 1221 3454 volo,
1242 3356 1371 3459 quod,
1392 3356 1548 3457 quondo
1570 3355 1615 3433 in
1636 3353 1792 3434 Confir-

446 3454 620 3533 mati'one
644 3453 755 3533 dislae
777 3458 997 3559 Religionis
1018 3458 1244 3559 supplicatio
1267 3456 1339 3534 suit
1367 3480 1390 3531 a
1417 3457 1517 3557 Papa
1538 3454 1717 3556 signata,
1752 3455 1788 3532 8(

311 3563 313 3569 ’
443 3556 615 3634 concessu
638 3582 653 3649 3
686 3555 760 3635 suit
795 3559 882 3636 dara
916 3560 1070 3639 cuidam
1097 3559 1273 3637 Domino
1295 3555 1575 3636 Bartholamaeo
1599 3557 1651 3634 de
1676 3556 1791 3635 Pisto·

443 3652 532 3750 rio,
553 3654 860 3737 Locumtenertte
882 3660 1118 3740 Cnnceilnri't
1145 3661 1277 3759 Papae3
1299 3658 1339 3735 8(
1358 3658 1433 3736 hoc
1457 3680 1500 3736 ut
1527 3658 1636 3736 illam·
1663 3679 1791 3755 exten·

440 3753 578 3853 deret,
600 3756 637 3836 8(
663 3759 861 3838 reduceret
885 3763 933 3841 ad
958 3762 1111 3840 Buliam
1136 3787 1151 3854 3
1173 3760 1241 3860 qui
1267 3778 1397 3837 tomen
1423 3759 1550 3837 noluit
1575 3784 1664 3837 eant
1690 3781 1791 3837 acce·

443 3874 553 3956 piare
574 3859 624 3937 ad
646 3858 977 3961 expedislionem,
1000 3886 1201 3963 quousque
1223 3885 1304 3937 non
1313 3860 1528 3938 notificaret
1543 3860 1675 3961 Papae,
1701 3885 1794 3961 quo«

439 3960 584 4054 modo,
607 3961 680 4040 hoc
706 3961 910 4058 sariendo,
933 3963 1046 4041 siebat
1074 3963 1115 4039 in
1141 3959 1307 4039 Eeclefia
1335 3961 1411 4039 Dei
1423 3960 1561 4040 Sansla
1585 3965 1793 4041 oovusOr·

439 4061 516 4155 do,
540 4061 580 4140 8(
603 4060 837 4162 singularis,
859 4064 899 4143 8(
923 4064 1015 4143 ideo
1037 4062 1133 4141 scire
1157 4062 1312 4140 volebat
1332 4115 1349 4156 ,
1371 4087 1422 4141 an
1447 4062 1501 4142 ita
1524 4061 1665 4169 facetet
1688 4116 1707 4160 ‚‚
1729 4058 1789 4140 vel

439 4161 545 4259 qood
570 4162 624 4239 itu
648 4162 745 4243 soret
764 4219 782 4260 ,
804 4164 891 4243 esset
918 4165 994 4242 suae
1018 4161 1281 4258 intentionis,
1306 4188 1353 4240 ac
1376 4188 1446 4264 pet
1469 4164 1545 4244 hoc
1565 4170 1590 4259 ,'
1607 4164 1673 4243 vel
1700 4185 1790 4243 cum

418 4260 519 4357 ,hoc
542 4258 754 4364 dispensate
775 4286 868 4345 cum
891 4262 1081 4346 Concilio
1104 4261 1370 4361 [ateruoenlh
1391 4265 1432 4344 dc
1454 4290 1548 4346 cum
1570 4263 1796 4359 De'cretoli,

1661 4390 1748 4466 qoae
