3800 5342
1323 436 1410 520 409
1473 514 1477 517 ,

118 551 281 635 Ordinis
307 546 502 631 Fratribus
528 573 616 629 cum
638 551 777 629 Rever.
806 548 845 628 P.
872 548 933 631 Fr.
960 548 1135 651 Johanne
1161 554 1397 655 Dominici,
1432 558 1471 638 8<

125 679 188 733 nae
213 655 455 747 celebrante,
481 651 728 751 officiumque
754 648 897 730 funeris
923 650 1126 749 faciente,
1153 680 1223 736 nec
1250 656 1326 737 fine
1352 659 1475 759 gemb¹

125 757 229 836 tibus
255 754 506 856 plurimorum
532 751 804 849 judicantium,
829 774 942 853 quam
965 752 1075 931 pium
1101 755 1182 836 sore
1209 757 1324 858 ipsam
1353 761 1467 857 flere,
1555 820 1565 831 .

124 856 302 956 quamvis
338 853 454 955 etiam
482 853 597 955 longe
634 852 795 955 amplius
831 852 938 953 pium
980 873 1063 933 oret
1099 854 1167 935 srbi
1196 860 1469 960 congaudete.

127 956 303 1036 Tandem
330 954 543 1033 terminatis
579 978 692 1054 quam
719 954 857 1032 devote
883 952 1055 1056 exequiis
1090 980 1179 1036 cum
1206 960 1374 1040 maxima
1410 962 1469 1039 de·

129 1057 289 1135 tutione
313 1053 538 1137 crudorum
565 1053 950 1135 intraMonasierium
979 1053 1021 1133 in
1040 1055 1393 1141 Sanuimonialium
1420 1061 1473 1141 se·

130 1156 295 1257 pulturic
317 1155 422 1256 juxta
448 1155 555 1233 suum
582 1154 803 1234 desiderium
830 1153 884 1235 esl
910 1155 1074 1267 sepulta.
1101 1158 1244 1240 Officio
1265 1182 1392 1243 autem
1419 1163 1472 1240 se·

130 1259 290 1359 pulturae
317 1279 396 1335 tam
422 1254 663 1352 solemniter,
715 1281 800 1336 uam
823 1256 961 1336 devote
989 1256 1171 1357 pemmo,
1197 1261 1307 1342 sacris
1335 1289 1381 1342 ue
1410 1263 1470 1345 dc·

131 1357 258 1460 posuis
284 1356 450 1436 vallibus
473 1381 675 1438 occurrens
751 1354 822 1438 atri
848 1410 863 1454 ‚
898 1382 942 1437 ac
968 1357 1053 1438 aliis
1079 1359 1203 1442 adhuc
1238 1362 1281 1441 in
1307 1286 1474 1443 {celeste

130 1457 222 1536 diui
237 1456 470 1537 monasterii·
485 1457 754 1553 residentibus,
785 1478 827 1537 ut
854 1457 908 1537 eis
922 1458 1149 1541 benedicent
1174 1462 1221 1540 ad
1249 1463 1398 1565 propria
1420 1489 1481 1563 te<

130 1579 327 1654 mearent,
353 1555 500 1659 praefata
527 1559 680 1655 Mater,
705 1559 820 1647 etiam
848 1560 1042 1662 utsupra,
1067 1584 1194 1642 corana
1228 1588 1289 1642 nae
1316 1564 1471 1643 humili·

132 1682 191 1740 tet
218 1660 255 1738 se
290 1658 521 1760 prosternent
553 1658 690 1738 iterato
717 1660 818 1739 idem
842 1661 950 1761 quud
981 1661 1089 1775 supra
1115 1661 1213 1740 milti
1250 1664 1474 1760 obtulerat,

130 1757 583 1861 replicaruncmcum,
608 1781 651 1840 ut
661 1760 828 1862 surgeret
838 1802 856 1855 ,·
878 1762 1150 1862 praeceptssenr,
1172 1762 1363 1865 ipsamque
1383 1788 1473 1844 cum

130 1863 276 1941 caterio
299 1860 514 1962 aliqualiter
539 1860 582 1941 in
609 1861 783 1940 Domino
809 1860 1105 1957 confortatum,
1141 1863 1178 1941 ἃ
1204 1864 1469 1965 promitterem

131 1963 265 2063 quod,
289 1962 377 2041 Deo
402 1962 539 2055 dante,
562 1961 657 2062 ipsae
682 1960 762 2060 post
788 1959 988 2062 prandium
1009 1960 1231 2058 visitarem,
1267 1988 1399 2043 omnes
1425 1965 1472 2043 ad

133 2062 280 2164 propria
306 2060 471 2141 rediere.
498 2062 704 2142 Narratum
732 2080 859 2140 autem
886 2060 960 2140 suit
979 2061 1077 2139 mibi
1103 2086 1125 2139 a
1152 2063 1346 2164 pluribus,
1370 2084 1473 2143 aute-

132 2188 247 2264 quam
274 2162 365 2243 iude
387 2161 640 2260 discederem,
665 2161 829 2241 &etiarn
857 2159 960 2263 poll,
985 2162 1148 2264 qualiter
1167 2162 1368 2265 supradiiii
1393 2183 1472 2244 cor·

131 2263 235 2365 potis
309 2263 460 2344 rtitoret
486 2261 622 2344 reserre
648 2262 859 2345 habuerant
884 2287 974 2343 cum
1000 2263 1257 2345 admiratione·
1288 2288 1366 2344 non
1395 2289 1472 2366 par·

134 2389 185 2443 va
209 2391 248 2443 re
275 2364 467 2445 oleariam
488 2363 712 2467 singularem
739 2361 945 2465 persensrsse
964 2363 1010 2443 de
1033 2362 1137 2466 ipsoa
1159 2365 1266 2465 quod
1292 2389 1477 2465 nusquam

132 2464 182 2543 de
206 2466 282 2545 alio
306 2491 464 2567 corpore
489 2464 609 2545 sumile
635 2465 804 2545 eisconti
855 2485 912 2543 rat
938 2464 1158 2565 percepisse.
1187 2465 1334 2545 Retulit
1357 2465 1474 2545 etiarn

131 2564 231 2644 mihi
258 2566 400 2649 ibidem
433 2567 606 2669 'quaedam
632 2565 789 2646 Nobilis
866 2566 1091 2646 archionilia
1126 2562 1215 2646 diiii
1251 2564 1475 2646 Monasterii

134 2666 351 2763 Martialis,
375 2669 413 2748 8(
438 2666 957 2769 grandevae'aetatisHonesla
984 2693 1047 2763 re,
1072 2667 1110 2745 8<
1136 2668 1292 2749 nomine
1316 2695 1338 2748 a
1413 2667 1481 2747 lla·

135 2766 839 2869 ra..Qu0dcum·praentemdi1ettae
865 2766 1028 2847 Domini
1054 2792 1188 2867 corpus
1215 2769 1312 2847 intra
1389 2792 1479 2846 ona·

134 2864 291 2959 sterium
319 2869 419 2967 apud
434 2896 500 2950 eat
526 2870 766 2973 deportatum
791 2868 838 2946 ad
864 2867 1120 2968 sepeliendum
1148 2866 1302 2963 suisset,
1328 2887 1476 2949 tantam

135 2966 658 3052 demtionemsrbiinduxit
678 3028 696 3070 ,
716 2995 772 3053 ¹ac
797 2968 1031 3049 monialibus
1054 2968 1205 3049 coeteris
1238 2991 1284 3047 ex
1313 2989 1389 3046 tatu
1416 2968 1477 3047 de<
1518 2994 1520 2998 ·

134 3088 255 3166 vom,
280 3094 393 3170 quam
419 3072 677 3169 redolentia
703 3068 882 3166 venusto,
908 3070 945 3150 dt
972 3071 1135 3171 gratioso
1162 3068 1273 3186 ipsius
1294 3065 1476 3170 alpem,

134 3170 237 3270 quod
264 3172 331 3250 ubi
359 3171 425 3252 libi
452 3173 636 3269 licuisset,
661 3174 897 3274 nequaquam
924 3172 1054 3251 saltem
1083 3192 1150 3272 pro
1176 3171 1246 3250 rllo
1265 3169 1351 3265 die,
1377 3168 1479 3248 intra

136 3270 330 3371 sepulchri
348 3272 507 3352 claustra
532 3274 572 3354 id
591 3275 765 3355 claudere
786 3269 1021 3374 permisisset.
1046 3272 1254 3372 Sumptoa
1282 3268 1440 3372 prandio
1463 3318 1481 3366 ,

133 3396 225 3450 curu
252 3393 397 3473 patrem
425 3372 570 3454 diretta
591 3375 779 3467 Domini,
803 3398 848 3452 ac
873 3370 991 3450 'etiarn
1019 3370 1188 3450 Matrem
1216 3372 1321 3469 juxta
1347 3368 1478 3453 condi·
1551 3446 1565 3475 ‚

134 3469 278 3569 cium,
313 3472 507 3554 sororibus
533 3474 653 3573 hujux.
676 3474 831 3554 habitus
857 3526 871 3566 ,
896 3496 940 3551 ec
963 3469 1053 3550 aliie·
1073 3469 1321 3553 assistentibus
1347 3496 1479 3573 quarn·

1 3626 3 3633 ,
136 3570 311 3672 pluribus
335 3573 518 3655 sociatam
545 3574 773 3670 visrtassem,
808 3571 962 3652 &cum
989 3571 1066 3652 illic
1091 3572 1138 3651 de
1175 3571 1380 3651 virtutibus
1405 3573 1478 3651 suae

134 3673 364 3755 tantmfiliae
391 3675 841 3755 collationemtdirmiuam
870 3673 1103 3767 mbuiuemr
1129 3670 1212 3775 ipfis
1238 3673 1392 3752 tandem
1409 3670 1479 3751 ali·

138 3773 306 3874 qualiter
329 3776 558 3872 consolatis,
581 3775 619 3855 u
646 3774 875 3870 benediciis,
900 3796 1014 3876 atque
1035 3771 1204 3854 salutatis
1230 3773 1270 3853 in
1283 3771 1480 3868 Domino,

135 3874 234 3977 tedii
255 3876 588 3974 adConve'ntum,
613 3902 766 3958 mecum
793 3875 1007 3977 recogitans
1033 3875 1193 3975 pariter,
1215 3872 1481 3967 &admirans,

135 3996 254 4075 quam
280 3975 445 4058 seliciter
469 3978 669 4076 juvencula
693 4001 875 4079 corpore,
901 3977 963 4055 sed
989 4000 1083 4054 cana
1111 3994 1236 4054 mente
1264 3997 1326 4054 me
1350 3973 1479 4053 senem

137 4095 283 4173 utare,
317 4078 462 4159 uirtute
496 4094 625 4159 autem
664 4079 840 4176 juvenem
880 4077 943 4155 hic
976 4074 1017 4153 in
1049 4076 1112 4155 via
1153 4075 1389 4175 reliquerat.
1426 4073 1479 4151 Et
1554 4152 1558 4161 ,

136 4177 242 4276 quod
266 4176 383 4285 ipsam
405 4204 429 4275 ,¹
480 4204 568 4258 uam
591 4177 950 4278 mihi‘supetliitem
977 4177 1190 4278 relinquere
1213 4200 1283 4278 pro
1310 4176 1385 4253 Dei
1413 4172 1480 4251 ho·

136 4299 257 4370 nore,
281 4277 451 4363 nominis
536 4276 747 4361 Dominici·
765 4279 1024 4372 dilatatione,
1060 4275 1097 4356 ἃ
1122 4276 1336 4356 animarum
1361 4272 1481 4351 salure

135 4376 654 4561 &fassffrlrld'pm
678 4379 914 4477 itasubim,
950 4378 1063 4561 ξιᾶκ
1091 4376 1277 4480 insperato
1297 4372 1480 4572 pffigi’se·
