3800 5342
416 426 609 521 morbum
645 424 883 544 opportuna
916 419 1101 531 remedia
1135 416 1415 531 adhiberent,
1447 455 1509 549 ne
1543 428 1668 516 latius
1703 434 1771 521 vi·

417 595 485 652 rus
518 560 749 680 serperet,
791 585 918 674 atque
950 554 1129 673 collapsa
1177 557 1221 641 in
1255 554 1337 641 luis
1369 546 1549 649 claustris
1584 563 1771 681 discipli·

419 725 476 785 na
510 694 561 781 ad
596 691 812 812 pristinum
845 689 1052 778 fervorem
1088 750 1103 797 ,
1145 687 1407 804 nitoremque
1439 690 1719 782 restitueretur
1753 758 1770 783 .

420 832 519 917 Duo
552 856 633 941 prae
669 824 821 912 caeteris
855 822 1081 940 prudentior
1114 819 1234 904 laude
1271 883 1285 929 ,
1333 823 1427 906 vitae
1462 823 1773 939 sandlimonia‚

421 965 464 1047 ἃ
499 957 727 1044 constantia
770 959 813 1041 in
848 951 1051 1063 adversis,
1087 951 1282 1067 praeclara
1315 953 1475 1040 lumina
1511 961 1773 1046 emicuerunt

422 1095 575 1181 Beatus
610 1089 800 1176 Thomas
834 1087 1014 1175 Senensis
1047 1146 1062 1195 ,
1105 1083 1178 1199 qui
1211 1083 1448 1171 Catharinae
1483 1090 1663 1175 Concivi
1696 1090 1778 1178 suae

427 1219 686 1312 Sanctiffimae
718 1219 883 1337 Virgini
925 1219 1060 1307 fuerat
1095 1246 1119 1303 a
1153 1215 1507 1329 confessionibus,
1551 1222 1593 1306 dt
1627 1226 1782 1314 Beatus
1854 1249 1856 1252 ’

432 1360 608 1475 loannes
649 1352 699 1440 de
732 1351 966 1439 Dominicis
1008 1350 1320 1461 florentinus,
1364 1378 1490 1465 quem
1532 1352 1683 1465 alibi,
1728 1379 1780 1446 ut

429 1514 509 1606 par
548 1509 638 1573 erat
671 1512 691 1595 ‚·
738 1515 835 1573 cum
878 1474 998 1571 laude
1043 1479 1511 1593 commemoravimus,
1553 1487 1705 1602 quique
1750 1519 1777 1575 a

433 1619 640 1738 Gregorio
658 1623 752 1706 ΧΠ.
787 1604 1173 1703 inter·Cardinales
1206 1638 1423 1734 cooptatus
1456 1616 1570 1703 fuit.
1614 1621 1785 1723 Utrius-

436 1780 518 1867 que
551 1751 687 1836 zelum
722 1750 835 1837 Urbs
880 1746 1015 1836 nostra
1057 1738 1246 1833 omnium
1278 1744 1408 1833 Italiae
1452 1751 1586 1864 prima
1618 1746 1676 1835 est
1696 1749 1786 1838 :acl-

436 1884 639 1990 mirata,
684 1883 724 1966 dc
760 1883 895 1995 prima
931 1874 1189 1968 uberrimum
1231 1879 1468 1988 laborum,
1514 1909 1620 1995 quos
1658 1880 1786 1969 susce·

433 2036 588 2130 perant
622 2073 639 2120 ,
672 2010 853 2098 numum
888 2012 1058 2100 abunde
1087 2005 1270 2130 percepii
1287 2049 1315 2101 ·.
1334 2040 1339 2055 ‘
1359 2011 1570 2127 Siquidem
1587 2080 1591 2091 .
1607 2013 1651 2097 in
1684 2017 1786 2099 Coe·

434 2144 564 2233 nobio
598 2143 737 2232 Sandii
770 2144 985 2247 Dominici
1017 2142 1067 2230 de
1088 2138 1270 2229 Castello
1303 2142 1532 2261 regularem
1566 2142 1787 2233 observan-

440 2278 550 2365 tiam
591 2278 809 2365 florentem
862 2278 1023 2392 pridem
1059 2336 1073 2385 ,
1117 2274 1184 2362 led
1230 2298 1466 2388 temporum
1507 2275 1667 2363 vicibus
1714 2279 1789 2364 ali·
1892 2386 1893 2391 Ν

439 2428 608 2525 quanto
634 2400 883 2525 prostratam
914 2409 1092 2497 feliciter
1124 2429 1375 2495 erexerunt.
1417 2405 1487 2490 Ab
1519 2405 1601 2497 hoc
1636 2408 1785 2497 deinde
1892 2524 1893 2529 Ν

435 2545 604 2642 ,Veneto
639 2541 846 2627 Coenohio
889 2543 1021 2659 ueluti
1055 2569 1081 2627 a
1113 2539 1342 2654 Metropoli
1386 2536 1563 2625 dedueiae
1606 2539 1699 2626 sunt
1740 2543 1791 2628 in

441 2673 539 2764 aliis
569 2671 831 2763 Monalleriis
865 2673 1169 2793 Religiosorum
1203 2672 1422 2757 hominum
1454 2672 1661 2787 Coloniae,
1695 2703 1788 2790 quae
1893 2706 1894 2763 f

440 2796 588 2889 faustir'
602 2798 792 2920 auspiciis
812 2804 1096 2920 disciplinam,
1128 2807 1170 2889 &
1191 2831 1355 2890 morum
1375 2800 1656 2890 austeritatem
1675 2805 1791 2918 apud

444 2935 536 3023 sum
568 2936 828 3025 instaurando
861 2931 1190 3025 novam-Ordini
1223 2933 1293 3017 suo
1328 2932 1463 3013 lucem
1498 2934 1664 3049 ingenti
1692 2960 1792 3022 curn

445 3067 635 3156 Ecclefiae
670 3071 779 3157 bono
812 3074 1108 3160 conciliarunt.

446 3252 452 3261 ·
515 3203 612 3286 Hoc
645 3202 787 3320 itaque
822 3204 890 3291 vel
927 3204 1013 3291 solo
1047 3200 1213 3289 nomine
1235 3189 1292 3281 'in
1322 3196 1450 3285 Fastis
1494 3201 1676 3316 ejusdem
1703 3207 1794 3291 ‘Or'
1893 3302 1894 3317 ἦ

441 3329 554 3422 'dinis
590 3333 788 3429 celebrari
829 3334 990 3458 possunt
1027 3330 1209 3418 Venetiae
1244 3389 1256 3416 .
1300 3329 1450 3416 Sed&
1481 3336 1555 3419 alii
1587 3336 1791 3425 accedunt
1893 3362 1894 3455 ξ

446 3492 583 3582 neque
620 3466 825 3578 obscuri,
868 3495 1000 3582 neque
1035 3460 1259 3549 mediocres
1294 3462 1458 3571 tituli,
1502 3467 1651 3581 quibus
1676 3470 1796 3558 Urbs
1893 3458 1894 3517 ³

445 3593 584 3685 nostra
615 3598 653 3685 se
687 3599 728 3686 se
760 3602 806 3685 in
837 3600 921 3684 illic
950 3595 1092 3701 efferat
1128 3624 1145 3682 ·.
1181 3596 1302 3682 Nam
1346 3619 1393 3683 ut
1427 3597 1536 3683 viros
1570 3603 1797 3711 ommitum
1893 3670 1894 3673 r

447 3758 501 3813 ex
533 3728 676 3818 nollris
709 3792 723 3841 ,
759 3729 832 3846 qui
864 3726 1049 3836 litteris,
1085 3729 1126 3811 dc
1158 3725 1462 3835 landiimouia,
1499 3729 1639 3816 infulis
1661 3735 1796 3820 etiam
1839 3770 1841 3773 ·

446 3859 738 3949 Eccleliasticic
770 3859 1053 3970 claruerunt,
1095 3862 1135 3945 8<
1169 3857 1293 3987 sacrgc⁴
1323 3858 1641 3951 Praedicatorum
1675 3864 1800 3952 furni·

448 3990 516 4080 liae
548 3993 727 4112 gloriam
758 4011 1012 4099 auxerunt,
1055 3987 1159 4077 illud
1194 3991 1384 4077 omnibus
1419 4021 1716 4110 compertum,
1752 4000 1795 4085 8<

449 4125 716 4242 exploratum
748 4113 822 4205 eisc
842 4117 1006 4235 debet,
1037 4123 1242 4214 Ordinem
1275 4122 1332 4233 de
1346 4126 1629 4236 Poenitentia,
1664 4136 1794 4242 quem
1893 4182 1894 4253 3
