3800 5342
410 542 458 623 ad
485 533 735 644 supradidim,
758 551 802 616 ut
828 530 1022 651 praelatum
1049 532 1124 632 est,
1147 531 1426 639 spiritualiter,
1450 533 1505 617 ita
1531 533 1637 633 iuxta
1664 531 1762 614 cari·

329 728 331 735 ,
411 644 500 725 tatis
525 640 698 722 ordinem
724 638 910 740 gradatim
944 637 1181 719 afficiebatur
1206 638 1253 718 ad
1279 662 1446 733 omnes,
1482 635 1600 719 etiam
1638 660 1758 738 usque

352 774 362 791 ·
410 745 458 825 ad
482 742 678 839 infideles,
701 741 739 821 8(
764 740 811 820 ad
836 740 991 842 quosvis
1018 739 1135 840 ipsam
1163 740 1263 819 male
1274 738 1494 820 tranantes.
1522 741 1583 817 Ad
1595 761 1759 817 omnem

409 845 583 928 laborem
610 868 678 945 pro
704 841 822 920 salute
847 839 1075 943 generaliter
1099 839 1265 942 proximi
1290 860 1369 920 tarn
1404 839 1669 942 temporaliter
1695 840 1760 918 seu

410 944 693 1046 corporaliter,
726 967 840 1044 quam
875 941 1119 1045 spiritualiter
1155 967 1221 1045 per
1245 966 1358 1043 opera
1383 941 1651 1022 misericordiae
1678 960 1760 1020 tam

277 1082 287 1107 r
413 1045 646 1149 corporalis,
670 1069 786 1146 quam
811 1042 1015 1148 spiritualis
1040 1044 1160 1160 libere
1187 1061 1420 1146 praeparatat
1447 1043 1631 1122 tradendo
1658 1038 1760 1120 nibi-
1799 1063 1806 1077 ·

410 1146 581 1243 lominus
606 1145 877 1248 prumptilfirne
903 1143 1121 1228 executionr
1147 1170 1389 1248 quocumque
1399 1164 1545 1246 poterat
1558 1145 1664 1223 bono
1676 1166 1759 1221 nro·

408 1248 461 1328 do
485 1275 500 1344 3
527 1273 615 1328 nam
641 1247 749 1349 super
774 1247 932 1330 salutem
958 1246 1207 1346 animarum,
1233 1248 1497 1349 &corporum
1525 1270 1605 1326 non
1629 1244 1757 1322 solum

408 1373 477 1451 per
502 1348 822 1447 subventionem,
848 1350 909 1430 sed
935 1350 1051 1431 etiam
1078 1374 1144 1453 pet
1171 1349 1402 1452 personalem
1430 1345 1673 1427 infirmorum
1697 1341 1755 1420 ui·

408 1448 648 1549 strationem,
675 1476 849 1532 necnon
874 1450 974 1532 circa
1000 1452 1132 1532 lunera
1157 1450 1388 1547 eorundem,
1413 1470 1503 1529 cum
1531 1470 1578 1526 ex
1606 1444 1678 1524 hac
1700 1444 1761 1522 lu·

408 1576 454 1633 ce
480 1552 636 1654 migrari
647 1552 752 1632 conti
782 1553 883 1651 isset,
909 1579 1027 1657 utque
1052 1553 1098 1633 ad
1110 1551 1412 1655 prosecutionem
1437 1548 1636 1651 sepultura
1656 1547 1761 1625 mul·

408 1674 448 1734 ta
475 1652 620 1769 peregit
646 1681 656 1732 ε
682 1654 734 1733 Et
754 1578 875 1757 longe
895 1656 1010 1757 plura
1035 1653 1199 1753 fecisset,
1225 1652 1375 1755 tristego
1387 1649 1659 1754 prohibuissem
1672 1672 1755 1748 pro·

324 1801 334 1824 .
409 1774 494 1856 pter
520 1754 577 1832 sur
603 1754 710 1835 sexus
734 1754 944 1856 juvenilem
971 1777 1141 1837 aetatem.
1168 1758 1220 1835 Et
1246 1775 1289 1835 ut
1316 1751 1601 1835 breviusdicam
1615 1751 1664 1829 ad
1677 1770 1758 1827 tan·

279 1869 292 1877 ”
409 1876 491 1937 tam
517 1854 712 1936 charitatis
737 1856 903 1958 proximi
929 1857 1198 1961 perfessionem
1225 1874 1470 1959 peruenerat,
1495 1875 1538 1933 ut
1551 1854 1623 1931 suar
1634 1851 1754 1930 etiarn

407 1954 612 2057 spiritualis
636 1958 908 2039 consolationis
933 1960 1206 2040 commoditate
1232 1978 1383 2061 propter
1408 1949 1757 2072 proximidilesiio

408 2082 500 2172 nem
527 2058 670 2154 oblita,
696 2085 775 2139 non
803 2086 908 2141 more
934 2063 1147 2142 multorum
1168 2115 1182 2157 ,
1206 2061 1272 2162 qui
1299 2057 1440 2162 proptri
1466 2054 1663 2137 commoda
1691 2076 1757 2131 cu·

407 2158 572 2260 pidme,
607 2160 815 2241 absentiam
842 2163 863 2239 s
883 2162 1096 2242 iritualium
1113 2165 1279 2242 'Pattum
1306 2162 1352 2241 ad
1379 2181 1527 2260 tempus
1554 2154 1754 2235 modicum

411 2259 509 2339 serre
535 2284 613 2343 uon
640 2263 820 2362 possuntt
854 2189 917 2344 fed
942 2263 1071 2364 potius
1096 2264 1218 2343 veluti
1255 2284 1377 2343 mater
1400 2260 1627 2340 condorum
1651 2311 1666 2353 ,
1689 2278 1758 2357 per

410 2359 606 2475 charitatis
634 2363 902 2462 persediionem
930 2364 1087 2462 effedia,
1110 2392 1135 2444 o
1164 2365 1267 2444 tallet
1294 2390 1374 2443 non
1399 2363 1522 2442 solum
1545 2357 1758 2461 prasentia·

409 2462 499 2541 lrter
525 2485 587 2543 me
613 2486 762 2559 carere,
788 2465 993 2546 sedetiam
1020 2490 1083 2546 me
1108 2390 1162 2545 ag
1181 2465 1442 2546 remotissimas
1468 2460 1604 2541 mundi
1633 2479 1758 2562 partes

409 2585 529 2661 utque
555 2560 680 2643 adbuc
705 2564 751 2669 ad
776 2564 950 2647 infideles
975 2567 1186 2665 accedere,
1211 2586 1322 2671 prout
1348 2566 1502 2667 optabat
1528 2564 1576 2642 de
1603 2561 1640 2641 se
1668 2562 1761 2640 San·

411 2659 493 2741 etus
509 2663 628 2777 'Pater
654 2664 778 2746 nollet
804 2666 1070 2750 DominicuS.
1102 2669 1153 2748 Et
1181 2669 1255 2751 hoc
1281 2688 1408 2749 toturn
1435 2665 1502 2745 ubi
1527 2664 1571 2744 in
1597 2663 1761 2742 salutem

409 2784 674 2881 proximorum
701 2767 853 2847 Diserta
880 2770 968 2850 Deo
994 2770 1127 2851 cedere
1153 2769 1415 2872 cognovisset.
1442 2768 1495 2846 Et
1519 2764 1691 2845 finaliter
1716 2762 1761 2842 de

377 2960 379 2965 ,
408 2861 522 2964 rpfius
548 2862 747 2948 affesiione
772 2868 898 2950 adlibi
923 2870 1198 2972 quovismodo
1224 2870 1470 2969 iniuriantes,
1496 2865 1548 2947 est
1560 2866 1758 2947 sciendum

408 2966 511 3067 quod
537 2991 626 3083 cum
653 2971 754 3049 inale
779 2974 827 3049 ab
852 2968 1045 3073 aliquibus
1071 2973 1314 3071 tradiaretur,
1340 2994 1406 3053 aut
1430 2968 1694 3064 derideretur,
1720 2964 1759 3045 8<

440 3066 615 3147 toeserttm
642 3095 731 3149 cum
750 3071 800 3179 ⁸in
825 3072 991 3153 vellibue
1025 3074 1146 3175 magis
1171 3075 1324 3175 abjeeiis
1349 3072 1517 3176 coepisset
1541 3069 1719 3150 incedere
1746 3121 1762 3162 ,

476 3169 601 3251 adbuc
626 3171 789 3272 amplius
824 3198 914 3252 curn
942 3174 1119 3255 habitum
1156 3177 1202 3256 de
1228 3174 1459 3256 Poenitentia
1485 3174 1526 3252 Β.
1552 3166 1763 3249 Dominici

409 3268 642 3371 suscepisset,
668 3272 792 3373 primo
817 3272 864 3352 de
890 3274 1008 3355 illatis
1034 3274 1102 3356 srbi
1129 3275 1276 3376 injuriis
1296 3277 1580 3379 gratulabatur,
1602 3270 1762 3351 &ertul-
1897 3370 1899 3383 Ι

409 3371 515 3449 tabat
541 3370 583 3453 itt
609 3373 807 3472 Domino,
831 3377 935 3476 quod
962 3377 1142 3458 videlicet
1169 3378 1283 3478 digna
1309 3378 1404 3458 sacia
1430 3379 1519 3457 esset
1544 3399 1635 3454 cum
1660 3378 1762 3472 Apo·

409 3467 515 3550 stolis
540 3496 610 3573 pro
636 3474 794 3555 nomine
829 3478 915 3578 Jesu
940 3480 1195 3560 contumelias
1232 3478 1340 3581 pati.
1379 3478 1530 3559 Deinde
1569 3499 1663 3554 uero
1690 3498 1760 3574 pro

410 3571 534 3671 culpis
559 3572 626 3653 fibi
653 3574 933 3658 adversantium
955 3578 1231 3679 ingemiscens,
1257 3579 1398 3660 nedum
1426 3580 1571 3658 malum
1600 3599 1759 3678 proma·

187 3750 192 3757 ,
282 3706 287 3711 ’
408 3670 475 3769 10,
499 3673 562 3755 sed
587 3677 880 3779 compassionem
907 3703 1089 3778 ornnem,
1114 3682 1151 3761 8(
1177 3707 1294 3761 omne
1321 3683 1466 3762 bonurn
1494 3680 1563 3759 libi
1585 3675 1761 3778 poffibile

409 3771 473 3889 eis,
490 3775 642 3858 reddere
669 3780 909 3876 conabatur,
934 3780 974 3860 dc
997 3782 1045 3861 de
1071 3781 1170 3862 fauo
1196 3783 1409 3880 reddebat,
1434 3784 1472 3862 dt
1498 3780 1669 3860 maxime
1695 3775 1763 3856 ali·

408 3877 548 3975 quibus
573 3878 826 3994 attinentibus
852 3881 921 3962 srbi
946 3908 1016 3985 pro
1041 3904 1251 3986 tempore,
1284 3910 1363 3986 quo
1388 3881 1604 3983 contigisset
1630 3881 1681 3959 ab
1707 3877 1763 3959 eis

408 3979 699 4094 quomodolibet
738 3981 961 4063 molestari.
998 3986 1105 4065 Cum
1132 4009 1224 4088 ergo
1259 3985 1421 4089 persedia
1458 3984 1594 4065 caritas
1630 3978 1763 4080 exigat

409 4100 612 4178 praxum,
648 4101 692 4160 ut
728 4083 908 4163 uidelicet
946 4086 1073 4188 primo
1110 4087 1154 4167 srt
1190 4111 1314 4184 vera,
1347 4086 1568 4190 proximum
1606 4102 1764 4187 propter

409 4180 556 4296 bonum
583 4183 748 4282 proximi
775 4184 971 4287 diligendo
997 4216 1008 4266 ε
1046 4188 1199 4269 Deinde
1225 4187 1358 4286 reeta,
1384 4190 1432 4267 8(
1457 4185 1631 4269 ordinata
1658 4183 1764 4286 prin·

409 4278 546 4379 crpalra
585 4287 683 4362 bona
730 4285 894 4386 primo,
944 4288 1167 4406 secundario
1214 4290 1289 4370 alia
1336 4289 1516 4392 proximo
1535 4392 1543 4407 ·
1563 4307 1763 4405 peroptan·

408 4379 493 4477 do,
524 4383 562 4463 8<
596 4388 864 4486 procurando.
901 4387 1075 4476 Ulterius
1110 4391 1272 4495 sanila,
1306 4392 1346 4475 8<
1381 4390 1472 4481 Deo
1505 4392 1686 4574 doeatssess
1719 4413 1762 4470 ru

1695 4545 1711 4589 2
