3800 5342
1294 396 1375 479 223

101 527 129 621 ,3
146 512 200 617 eis
225 510 340 599 lertio
365 512 584 616 legebatur,
608 511 891 616 &praedicando
917 514 1077 596 verbum
1088 516 1167 597 Dei
1194 519 1336 621 populo
1357 543 1447 622 gra».

23 652 29 671 ν
99 672 125 717 „
147 638 208 715 te,
234 615 401 699 maxime
426 619 475 697 de
500 616 577 712 eius
604 616 831 716 pastione&
857 616 1100 718 stigmatibus
1119 618 1252 703 saneris
1278 623 1440 722 sermo,
1478 639 1482 645 ’

99 771 126 818 ,,
146 719 182 799 se
207 719 473 823 praesentabat,
497 718 717 799 Crucifixus
743 743 833 800 cunr
858 717 1095 818 Crucifixo,
1129 721 1246 802 eriam
1274 725 1439 823 pendeas

102 874 128 920 „
151 822 192 900 in
217 845 329 918 aere,
354 823 524 902 elevatus
549 840 704 918 acerra,
729 819 942 902 immobilis
953 827 1194 902 remanebat.
1222 822 1309 905 Hoc
1337 826 1441 905 vide·

99 944 235 1023 ‚rruut
263 923 433 1026 populi,
468 924 588 1005 turba
615 945 800 1021 narrant,
824 924 1087 1006 clamaverunt
1114 924 1310 1025 utriusque
1334 926 1442 1008 sexus

99 1077 124 1122 ,‚
148 1024 326 1107 homiues
349 1026 476 1127 piures
497 1039 511 1103 .’
541 1024 668 1105 Pridie
693 1050 858 1128 namque
883 1081 898 1122 ‚
923 1047 966 1106 ut
994 1024 1273 1129 particulariter
1300 1026 1446 1130 aliquid

100 1128 370 1228 „tangam-in
406 1126 497 1211 festo
523 1126 565 1207 u
593 1127 781 1208 Francisci
821 1127 1012 1209 miriarum
1050 1154 1166 1231 agens
1192 1128 1376 1209 solemnia
1403 1129 1446 1209 io

100 1278 125 1326 „
148 1228 237 1310 ioco
263 1228 405 1310 minori
430 1228 559 1310 Saneii
586 1228 753 1332 prefati,
781 1247 909 1333 raptus
935 1229 1076 1310 fuitiu
1101 1228 1233 1334 spiritu
1263 1231 1449 1310 violentia

101 1380 127 1424 „
151 1349 293 1428 tanta,
329 1331 517 1412 ucetiam
552 1356 687 1432 corpus
712 1332 779 1412 diu
815 1333 1010 1417 clevatum
1047 1356 1265 1415 cerneretur
1301 1357 1324 1409 a
1350 1352 1450 1412 terra

103 1480 128 1526 „
155 1432 355 1535 plusquam
383 1433 662 1535 perparorum,
687 1455 729 1513 ut
757 1457 908 1516 narrant
921 1435 1079 1538 populi,
1104 1436 1171 1536 qui
1197 1433 1453 1517 interfuerunt

101 1581 127 1628 „
151 1556 246 1612 cum
271 1534 528 1639 lacrymarum
554 1535 759 1616 deuotione
787 1562 864 1617 non
892 1562 1027 1640 parva.
1051 1541 1149 1639 Quo
1179 1538 1266 1616 satis
1292 1536 1452 1615 dabatur

100 1680 131 1730 ,,Ι
150 1632 356 1736 intelligi,
388 1636 554 1716 animam
581 1636 687 1717 illam
715 1638 961 1747 supernorum
989 1664 1119 1721 amore
1146 1637 1262 1741 regi,
1297 1634 1450 1734 coujun-

98 1784 124 1830 ‚‚
148 1733 249 1817 iiam
279 1736 320 1816 in
345 1737 422 1819 istic
448 1737 591 1820 infimis
616 1739 780 1844 amplius
806 1741 979 1823 habitare
1000 1767 1078 1822 non
1099 1743 1220 1845 posse.
1245 1739 1368 1838 Cujus
1389 1738 1452 1817 de·

99 1885 127 1932 ῃ
150 1835 329 1919 siderium
358 1841 465 1943 Deus
491 1842 672 1942 replens,
710 1843 756 1925 ad
782 1843 829 1922 se'
857 1866 900 1924 ut
927 1843 1121 1946 praefertur
1147 1842 1302 1924 vocavit
1327 1872 1351 1920 .·
1376 1840 1452 1919 Te·

99 1970 126 2033 ‚5
150 1936 295 2020 stantur
323 1939 397 2021 hoc
424 1942 565 2043 Angeli
592 1943 745 2024 multis.
772 1944 845 2025 Sed
868 1946 959 2047 quia
985 1970 1033 2026 ex
1059 1969 1125 2023 ore
1157 1943 1387 2038 infantium,
1412 1942 1455 2049 iic

69 2086 126 2148 5„
149 2038 378 2121 lactentium
390 2043 500 2123 Deus
523 2045 654 2125 laudes
666 2042 847 2147 perfecit,
873 2045 1018 2127 certeris
1044 2044 1452 2146 ommiffit‚·quaeduae

98 2189 129 2234 „
152 2143 290 2241 puella
316 2142 533 2241 viderunt,
566 2143 634 2224 sub
659 2145 889 2247 compendio
915 2149 953 2228 8<
980 2145 1169 2228 brevitate
1196 2168 1410 2246 percurram
1437 2200 1448 2221 .

95 2287 125 2336 2,
149 2243 340 2344 Quadam
366 2245 470 2327 euim
497 2246 623 2364 neptis
648 2247 712 2326 sua
739 2250 990 2330 exGermano
1017 2246 1175 2330 nomine
1203 2249 1360 2325 Donata
1383 2270 1450 2325 an·

99 2392 126 2438 „
150 2369 293 2426 uorum
313 2346 582 2450 septemvira
607 2347 651 2429 in
675 2348 817 2431 somnis
843 2352 1022 2431 eumdem
1048 2352 1090 2430 in
1117 2347 1284 2430 Ecclesia
1307 2349 1345 2428 S.
1373 2347 1455 2428 Do·

100 2494 127 2538 ,‚
152 2443 314 2545 minici,
340 2449 408 2529 ubi
436 2450 543 2529 Prior
569 2471 679 2548 erat,
706 2452 816 2555 super
840 2454 958 2533 altare
983 2453 1104 2552 majus
1130 2452 1309 2530 indutum
1336 2474 1454 2529 aureo

98 2596 127 2642 „
152 2547 410 2648 vestimento,
435 2577 589 2632 cereum
614 2553 747 2633 album
775 2578 892 2634 mauu
912 2574 1133 2650 tenentem,
1159 2552 1265 2633 mira
1291 2549 1456 2653 pulchri·

97 2698 127 2741 „
152 2649 300 2731 tudinis
326 2651 367 2731 in
393 2652 515 2753 capite
543 2655 750 2735 habentem
776 2680 960 2736 coronam
987 2711 1000 2752 ‚
1026 2680 1074 2735 cx
1099 2681 1174 2759 qua
1199 2678 1320 2733 aurea
1348 2653 1455 2732 vittae

96 2800 125 2843 ‚‚
151 2752 365 2851 pendentes
390 2752 432 2831 in
456 2753 584 2854 girum
610 2779 728 2855 usque
754 2757 802 2833 ad
827 2757 973 2836 collum
1001 2757 1231 2836 irradiabant
1257 2753 1422 2836 serenius
1440 2762 1473 2830 .’

96 2900 124 2945 „
152 2855 211 2929 At
223 2851 374 2933 Fratres
399 2854 525 2933 careri
551 2851 650 2934 albis
675 2855 827 2952 induti,
851 2880 940 2935 cum
966 2858 1137 2937 candidis
1163 2855 1282 2937 cereis
1307 2856 1458 2934 orbicu-
1549 2882 1558 2888 ¹·

97 3003 128 3047 „
150 2950 290 3033 lariter
315 2952 621 3070 circapraefatum
642 2954 1038 3037 consistebantaitare.
1068 2954 1249 3037 Narravit
1271 2956 1345 3036 hoc
1366 2980 1458 3035 cum

103 3103 134 3150 „
158 3051 459 3151 circumstantiis
485 3055 618 3136 multis
644 3056 802 3160 fimplex
822 3058 956 3161 puelia
972 3059 1153 3141 audiente
1176 3056 1251 3139 alia
1277 3080 1463 3137 annorum

99 3205 128 3251 „
158 3183 218 3256 13.
240 3168 361 3258 'nepte
388 3157 555 3254 eiusdem
582 3157 703 3238 Patris
727 3159 896 3239 desuuiii
922 3184 970 3239 ex
997 3161 1135 3240 Sorore
1151 3214 1182 3259 ‚,
1200 3183 1283 3262 quae
1320 3157 1460 3239 auditis

104 3306 132 3352 „
160 3256 224 3337 his
249 3256 497 3370 genuflexit2
532 3259 732 3374 oravitque
759 3260 921 3342 dicem:
955 3257 1129 3342 Odulcis
1153 3259 1262 3360 uirgo
1290 3256 1460 3356 Maria,
1571 3274 1573 3277 ’

103 3409 134 3453 ,,
159 3356 371 3437 concedatis
393 3380 562 3457 graciam
587 3360 707 3457 mehr,
734 3383 777 3438 ar
800 3357 956 3440 uideam
961 3384 1140 3460 patruum
1167 3387 1310 3442 meum.
1338 3362 1460 3440 Exau-

105 3510 137 3555 „
161 3457 266 3540 divit
290 3458 414 3560 Virgo
432 3461 654 3563 virginema
694 3464 798 3542 Nam
825 3460 939 3544 nocie
961 3465 1135 3566 sequenti
1173 3464 1374 3545 videbatur
1409 3461 1462 3543 ei·

104 3559 254 3656 „aem
281 3563 327 3643 ad
338 3562 545 3643 Ecclesiam
565 3564 842 3646 Misericordia
866 3590 1046 3668 pergere,
1072 3566 1114 3645 in
1140 3591 1218 3669 quo
1245 3566 1380 3646 itinere
1407 3564 1461 3663 ju·

100 3713 129 3759 „
156 3685 311 3745 venem
330 3664 731 3768 conspicitipeciosum
759 3668 867 3769 supra
893 3667 1267 3749 sensumirumanum
1296 3664 1463 3770 pulchri·

102 3764 299 3860 „tudine
325 3767 580 3866 admiranda,
615 3769 683 3849 sibi
702 3769 875 3849 obuium-
896 3770 1077 3851 aaiveniac
1103 3828 1113 3848 .
1147 3768 1228 3851 Cui
1255 3768 1463 3873 pueliam·

107 3917 135 3962 „
160 3866 284 3979 quit:
319 3867 503 3970 „quirum
529 3897 567 3950 er
591 3892 634 3951 ru
658 3893 749 3951 ram·
765 3869 988 3951 memor&
1007 3867 1193 3971 pulcher,
1218 3869 1279 3950 cui
1297 3863 1482 3973 fimilem‘

104 4017 132 4064 „
157 3996 202 4047 m
228 3966 341 4051 aruis
366 3997 439 4048 non
463 3968 574 4053 orari?
599 3975 652 4053 Et
678 3974 770 4072 iiie,
788 3966 958 4074 muchs
988 3971 1059 4052 Dei
1082 3972 1194 4074 sum,
1218 3972 1311 4052 ait.
1347 3972 1464 4051 Tunc

106 4120 135 4167 „
162 4070 302 4174 virgo:
327 4070 473 4174 alicnde
496 4101 579 4173 ergo
605 4071 703 4155 mibi
721 4096 1079 4175 patremmeum.
1116 4078 1170 4156 At
1197 4074 1266 4153 ille
1282 4127 1297 4170 ‚
1312 4070 1472 4172 sequere

107 4222 138 4269 2,
160 4196 254 4272 me,
268 4175 495 4277 mimda,
515 4173 609 4277 qaia
636 4177 687 4258 ari
709 4177 777 4258 aar
797 4177 927 4280 miffar
945 4178 1064 4279 sarra.
1093 4177 1259 4278 Perguuc
1285 4198 1378 4273 ergo
1405 4196 1466 4272 pa·
1556 4281 1558 4283 Ι

105 4312 136 4372 9,
160 4272 289 4373 cicere
311 4276 611 4393 pmumiunurae
635 4281 689 4359 ati
707 4300 859 4382 marum
883 4278 1107 4358 amenum.
1146 4277 1237 4377 Ejus
1262 4272 1466 4388 dignitates
1489 4284 1493 4289 ’

23 4416 25 4419 ¹
78 4410 81 4414 ·
107 4424 137 4479 η
163 4370 384 4463 ineffabrieu
408 4406 503 4465 rore
526 4381 652 4464 nescit
676 4379 1017 4484 exprimeres&
1036 4378 1134 4461 &aaa
1161 4376 1317 4493 itti2sere
1343 4375 1468 4471 obirta

223 4494 248 4563 ’,
1282 4531 1310 4578 ,,
1335 4501 1423 4582 pro·
