3800 5342
451 474 456 478 ,
478 399 564 482 400

418 542 457 604 ta
483 521 614 603 latitia
641 517 812 618 spiritus,
838 512 1074 609 devotione,
1100 513 1137 593 &
1162 512 1309 593 servore
1335 510 1526 616 suscepit,
1561 531 1605 593 ut
1632 537 1697 595 me
1724 514 1765 596 8(

419 649 552 703 omnes
588 621 786 700 assistentes
811 615 888 718 ipsa
923 638 981 699 ex.
998 640 1138 715 magno
1165 614 1254 693 sesto
1280 614 1465 710 ridente,
1500 616 1687 693 continue
1715 616 1764 694 ad
1891 708 1892 721 Ν

419 726 605 824 gemitum
632 776 645 814 ,
672 721 709 797 8(
735 719 868 796 fletum
894 738 942 795 ex
970 716 1173 794 devotione
1199 719 1474 817 compelleret.
1501 716 1593 814 Quo
1621 715 1762 794 habitu

419 826 554 904 induto
575 820 722 900 rediens
748 819 794 897 ad
821 840 906 912 me,
931 814 1078 895 &stans
1103 815 1170 893 ubi
1196 816 1234 893 8(
1259 838 1302 896 ut
1329 815 1548 918 priusflexis
1574 817 1764 926 genibus,

421 925 458 1003 8(
482 949 571 1002 cum
598 920 753 1002 accenso
778 942 891 996 cereo
916 915 958 994 in
984 914 1183 1011 manibus,
1206 915 1308 996 didio
1334 942 1399 1020 per
1425 943 1517 1012 nos,
1542 923 1632 995 Vem
1652 923 1766 994 Crea-

376 1030 382 1037 “
419 1045 477 1103 tor
494 1020 672 1123 spiritus,
697 1020 735 1098 8(
759 1017 996 1097 orationibus
1022 1017 1065 1096 in
1096 1016 1298 1097 traditione
1321 1016 1405 1099 talis
1427 1015 1580 1097 habitus
1606 1018 1764 1097 consue·

419 1124 493 1220 tis,
519 1122 613 1204 saeta
639 1120 755 1200 etiam
782 1144 847 1218 per
872 1117 987 1219 ipsam
1015 1116 1259 1219 professione,
1284 1119 1322 1199 8(
1348 1118 1623 1221 promisione,
1658 1119 1763 1219 quod

419 1224 523 1305 hunc
552 1220 725 1303 habitum
753 1218 1020 1316 conservaret,
1043 1219 1294 1298 &secundum
1321 1220 1490 1321 regulam
1517 1219 1681 1315 eiusdem
1703 1217 1763 1296 vi·

418 1345 525 1405 vetet
551 1349 668 1439 usque
695 1323 741 1400 ad
767 1340 965 1416 mortem,
1001 1340 1270 1423 acceptaquea
1295 1347 1357 1402 me
1385 1319 1647 1402 benediclione
1671 1318 1763 1398 fina-

418 1425 481 1522 li,
508 1425 629 1505 velutt
656 1423 787 1525 spiritu
813 1421 918 1502 ebria
943 1444 1017 1522 prat
1043 1421 1183 1501 laetitia
1210 1421 1460 1502 immensitate
1487 1446 1535 1503 ex
1561 1443 1639 1499 tam
1668 1419 1761 1498 dila·

419 1526 452 1605 ti
473 1524 642 1605 desiderii
660 1522 957 1625 adimpletione,
982 1549 1004 1601 a
1030 1546 1092 1601 me
1117 1522 1339 1613 discedens,
1364 1524 1401 1603 8(
1427 1524 1473 1603 ad
1499 1523 1577 1621 ejus
1604 1519 1765 1622 genitri·

421 1652 506 1705 cem
532 1647 620 1705 ante
646 1647 795 1705 cateras
822 1625 858 1703 se
884 1644 1132 1720 convertens,
1158 1624 1348 1726 ipsamque
1360 1648 1445 1704 com
1474 1624 1625 1716 lexans,
1647 1642 1763 1722 atque

421 1726 640 1817 deosculans
669 1724 890 1818 humiliter,
915 1749 959 1802 ac
986 1724 1147 1804 dulciter
1173 1725 1220 1804 de
1245 1727 1413 1805 concessa
1438 1650 1506 1805 ilbi
1531 1724 1654 1825 gratia
1681 1747 1763 1823 per·

421 1846 589 1926 optata,
624 1828 736 1922 Deo,
761 1824 913 1926 proprio
939 1824 1104 1938 genitori
1126 1879 1139 1919 ,
1164 1824 1202 1905 8(
1228 1825 1296 1905 fibi
1321 1825 1496 1926 genitrici
1523 1827 1595 1904 sua
1621 1824 1763 1924 gratias

420 1928 604 2007 referebat
630 1925 849 2005 immensas.
876 1924 1029 2005 Deinde
1055 1927 1101 2006 ad
1127 1925 1183 2004 sui
1209 1926 1367 2028 suscepti
1394 1926 1545 2007 habitus
1567 1924 1765 2004 Consoro·

420 2054 480 2108 res
515 2028 695 2108 accedens
720 2024 932 2127 quamlibet
967 2025 1155 2106 consimili
1183 2028 1297 2107 modo
1334 2025 1386 2107 est
1410 2028 1689 2129 complexata,
1726 2025 1763 2104 8(

422 2130 551 2211 osculo
577 2128 677 2231 pacis
697 2127 824 2206 saneto
850 2128 1062 2207 deosculata
1088 2153 1176 2208 cum
1203 2127 1326 2225 sesto,
1361 2128 1505 2211 catenis
1530 2126 1687 2206 interim
1717 2147 1764 2205 ex

421 2228 570 2308 intimis
595 2254 708 2329 quam
735 2225 939 2325 flentibus,
965 2228 1002 2307 8(
1027 2228 1104 2329 ipsa
1130 2230 1207 2308 sola
1233 2230 1379 2310 ridente
1405 2284 1419 2326 ,
1452 2231 1491 2309 8(
1516 2227 1616 2329 quab
1644 2226 1766 2309 mani·

425 2332 495 2409 bus
521 2331 722 2432 plaudente
748 2357 761 2423 ς
795 2349 946 2431 propter
971 2355 1054 2431 quar
1080 2328 1333 2410 infallibiliter
1360 2356 1438 2410 non
1464 2327 1585 2408 suisset
1612 2329 1766 2407 animus

423 2451 500 2525 tam
528 2431 641 2509 durus
665 2451 706 2507 ut
733 2432 848 2529 lapis,
873 2430 939 2530 qui
959 2429 1119 2529 praefatis
1143 2430 1304 2510 assistens
1331 2429 1575 2532 liquesadlus,
1602 2430 1641 2508 8(
1662 2454 1765 2509 com·

353 2596 355 2601 ,
424 2552 551 2609 motus
578 2555 657 2608 non
684 2529 805 2609 suisset
830 2553 877 2609 ex
902 2531 1046 2609 corde.
1073 2531 1203 2610 Assero
1229 2532 1332 2611 enim
1355 2556 1548 2648 nunquam
1575 2528 1700 2609 stmile
1727 2529 1768 2609 in

424 2630 582 2709 materia
601 2629 786 2710 consimili
810 2655 872 2709 me
894 2630 1023 2709 vidisse
1043 2686 1057 2727 ,
1094 2657 1163 2712 nec
1190 2653 1283 2733 puto
1304 2658 1367 2712 nie
1393 2633 1561 2712 visurum
1584 2629 1767 2747 1¹¹.P0st5:
1895 2680 1896 2711 l

425 2757 534 2827 rum,
561 2730 732 2810 foeminei
754 2731 934 2811 videlicet
953 2732 1060 2811 sexus
1085 2732 1327 2829 juvenculam
1355 2734 1396 2812 in
1408 2733 1502 2812 statu
1524 2753 1767 2811 matrimonii

426 2832 669 2913 constitutam
696 2858 777 2934 quar
804 2833 1024 2912 camunni
1046 2834 1209 2913 atdemis
1235 2833 1404 2914 desiderii
1429 2837 1580 2934 ,atque
1606 2831 1769 2911 fervoris

427 2934 556 3012 assidui
583 2933 719 3029 suerit,
744 2933 836 3012 ficut
864 2933 960 3011 ista.
998 2935 1049 3013 Et
1069 2960 1153 3035 ⁴uun
1179 2935 1303 3014 solum
1330 2935 1372 3015 in
1397 2934 1495 3015 sablo
1521 2932 1769 3036 susceptionis

427 3033 827 3134 habitussupradidli,
853 3033 1058 3113 sedetiam
1085 3037 1183 3115 ultra
1206 3035 1280 3116 hoc
1306 3034 1550 3132 ineundis,
1585 3060 1668 3135 quae
1707 3060 1771 3114 co·

427 3134 610 3234 gnovisset
637 3137 781 3235 placere
793 3137 905 3231 Deo,
931 3160 973 3219 ac
996 3136 1075 3215 sore
1096 3137 1300 3215 secuudum
1314 3139 1464 3216 Deum.
1487 3139 1538 3214 Et
1563 3156 1668 3215 tanto
1689 3160 1772 3212 am·

334 3270 339 3279 ·
426 3234 548 3336 plius,
572 3257 716 3335 quanto
748 3235 838 3313 talia
869 3235 1021 3333 majoris
1053 3234 1290 3337 possessionis
1316 3263 1428 3339 opera
1457 3236 1697 3332 extitissent,
1725 3257 1771 3315 ut

427 3336 588 3413 firmiter
616 3335 735 3414 teneri
759 3336 898 3434 posset,
925 3358 1058 3436 prout
1085 3363 1165 3419 non
1185 3339 1306 3417 solum
1327 3364 1376 3417 ex
1397 3337 1506 3421 dietis
1526 3393 1539 3433 ,
1563 3337 1626 3417 sed
1653 3336 1773 3416 etiam

429 3459 477 3513 ex
498 3435 664 3514 dicendis
688 3437 869 3536 patebit,
904 3435 1023 3537 ipsam
1050 3438 1131 3518 sore
1162 3439 1389 3540 potuissene
1426 3464 1589 3519 numero
1616 3438 1772 3518 illarum

428 3534 648 3615 Sanclarum
659 3534 787 3615 sormae
799 3538 994 3638 Angelicae
1004 3593 1031 3654 ,ι
1044 3563 1087 3616 ac
1099 3539 1277 3637 juvenilis
1288 3541 1429 3637 aetatis,
1453 3566 1535 3642 qua
1547 3540 1772 3642 persecutio

426 3636 487 3714 nis
514 3658 682 3738 ternpore
702 3637 824 3715 veluti
855 3638 903 3717 ad
924 3659 1075 3818 nuptas
1101 3641 1148 3718 ad
1173 3642 1356 3741 martyria
1381 3645 1663 3743 properabant.
1691 3642 1791 3719 De·.

426 3735 543 3837 nique
572 3759 675 3816 tanta
701 3739 937 3836 admiratio,
1036 3739 1157 3821 saneta
1180 3742 1377 3821 aedificatio
1396 3767 1443 3820 ex
1464 3742 1685 3842 hujusmodi
1708 3743 1771 3819 ba·

428 3839 531 3918 bitus
557 3864 621 3940 per
648 3839 745 3917 banc
757 3839 920 3919 Domini
942 3840 1120 3921 dilediam
1143 3842 1374 3944 susceptione
1395 3845 1521 3923 secuta
1531 3845 1642 3936 sunta
1668 3841 1771 3943 quod

326 3976 331 3983 ·
425 3939 518 4019 licet
543 3961 659 4037 ante,
682 3941 807 4019 multo
828 3963 956 4021 tamen
979 3968 1040 4020 am
1070 3942 1234 4044 liuspost
1256 3965 1405 4045 propter
1431 3945 1595 4027 virtutes
1620 3946 1703 4022 snas
1729 3943 1775 4021 in

427 4038 614 4139 praecipua
639 4041 851 4120 reverentia
863 4043 994 4123 habita
1015 3968 1068 4122 el
1091 4043 1296 4123 acuuclis.
1323 4048 1436 4126 Unde
1446 4071 1534 4126 cum
1558 4068 1771 4144 tunc-quae·

426 4139 513 4216 dam
542 4141 687 4236 juvenis
712 4143 760 4218 de
785 4143 1018 4223 Contarenis
1043 4145 1089 4223 de
1116 4168 1220 4223 novo
1255 4146 1593 4228 matrimonialiter
1616 4142 1772 4246 copula-

427 4257 467 4316 ta
492 4241 537 4319 de
566 4242 661 4341 peste
687 4242 877 4321 infirmata
903 4243 1049 4341 suisset,
1075 4246 1112 4325 8(
1137 4246 1286 4347 praefata
1313 4249 1479 4328 Domini
1509 4246 1687 4329 diledlam
1719 4244 1772 4324 di·

426 4338 531 4433 cluna
559 4340 734 4423 habitum
760 4341 950 4447 suscepisse
976 4345 1165 4451 audisset,
1191 4348 1348 4433 mittens
1367 4375 1435 4456 per
1460 4351 1615 4454 ipsam,
1642 4349 1679 4426 8(
1702 4345 1769 4428 illa

1613 4473 1718 4531 acce-
