3800 5342
505 414 586 498 ηπ

440 541 514 640 „s
555 529 755 639 spervenit
778 525 824 607 td
852 542 913 622 te,
939 549 1017 605 non
1044 547 1106 608 me
1133 523 1174 603 in
1200 522 1272 605 bae
1296 523 1456 605 materia
1481 523 1569 626 plus
1586 524 1781 625 extendo,

432 696 469 743 „‚
493 564 694 721 diererum
720 628 894 724 noveris,
919 627 1021 727 quod
1046 624 1341 706 landimonialis
1366 625 1559 724 foemina,
1582 629 1686 709 sotor
1713 620 1776 719 sciff

441 797 470 841 „
495 742 585 821 licet
606 736 722 825 Clara
758 732 803 809 de
829 726 1115 843 Gambacurtis,
1142 728 1215 825 jam
1244 752 1309 828 per
1343 727 1514 828 geminas
1550 727 1679 811 literas
1715 753 1775 819 me,

440 897 470 942 „
495 867 538 922 ro
564 837 668 933 avit,
693 833 794 935 quod
815 830 886 909 tibt
914 852 1107 929 imponam
1134 826 1319 923 omnino,
1345 849 1387 906 ut
1409 829 1449 907 in
1472 827 1777 930 suturaQuadra·

440 998 469 1042 ‚,
493 867 631 1043 geima
652 932 825 1038 praedices
847 927 1083 1010 incivitate
1114 927 1181 1009 illa
1204 927 1354 1007 Pisana.
1380 930 1490 1009 Dicit
1510 930 1615 1009 eninr
1637 987 1651 1026 ,
1677 927 1776 1031 quod

441 1096 470 1143 „
495 1052 653 1141 magnus
674 1032 813 1115 studius
834 1031 981 1110 secutus
1002 1030 1055 1108 est
1074 1053 1122 1110 ex
1149 1029 1477 1131 praedicationibus
1508 1029 1613 1111 fanis
1635 1032 1777 1115 ibidem

439 1199 474 1243 „
494 1165 572 1221 tam
601 1161 664 1239 pet
691 1158 752 1233 te,
776 1156 889 1234 quam
917 1156 984 1233 per
1006 1129 1284 1211 Provincialem
1311 1131 1464 1211 Graeciae
1490 1131 1533 1210 F.
1561 1133 1776 1223 Thomam,

440 1298 470 1346 „
495 1244 546 1322 Et
571 1237 731 1321 firmiter
757 1235 777 1314 s
820 1254 910 1329 rat,
944 1230 1046 1334 quod
1072 1230 1192 1329 maior
1216 1229 1358 1311 studius
1382 1232 1420 1313 8(
1445 1231 1543 1311 salus
1565 1232 1779 1325 animarum

441 1398 475 1444 ,‚
498 1340 747 1444 provenient,
787 1361 800 1412 ι
826 1354 868 1414 tu
894 1330 1146 1435 praedicabis,
1172 1331 1315 1411 ibidem
1343 1333 1384 1411 in
1406 1330 1707 1434 Quadrage'fima·
1724 1336 1781 1423 su·

440 1496 471 1549 „
495 1440 688 1547 pradisla.
716 1438 800 1538 Ego
826 1456 954 1515 autem
982 1431 1049 1514 srbi
1074 1433 1137 1513 res
1182 1432 1280 1531 udi,
1305 1433 1407 1536 quod
1433 1434 1598 1514 libenter
1624 1433 1781 1525 iacerem

439 1597 469 1650 ‚,
494 1544 595 1647 quod
622 1542 807 1644 petebat,
842 1536 1050 1616 dummodo
1076 1537 1125 1614 ab
1141 1533 1245 1613 entia
1281 1556 1345 1613 tua
1370 1560 1438 1651 pro
1472 1534 1543 1613 illo
1568 1556 1739 1637 tempore
1762 1561 1781 1621 a

440 1703 471 1748 „
495 1645 670 1727 Civitate
697 1636 971 1732 Venetiarum,
994 1634 1125 1715 lausia
1149 1635 1454 1737 Congregatroni
1480 1636 1707 1716 Fratrum&
1723 1638 1779 1723 So

441 1804 472 1850 „
495 1770 649 1842 totum,
673 1761 740 1823 aut
766 1738 881 1819 etiam
903 1742 1044 1840 populo
1070 1738 1248 1817 noneslet
1273 1736 1507 1834 scandaloso,
1532 1737 1596 1816 seu
1616 1738 1778 1825 multum
1881 1800 1882 1825 ,

442 1904 471 1951 „
497 1846 656 1929 nociva.
683 1845 733 1924 Et
760 1841 808 1921 lic
835 1863 966 1919 tenore
994 1839 1231 1940 praesentium
1258 1836 1331 1917 tibi
1357 1839 1530 1933 mando,
1554 1840 1656 1939 quod
1684 1837 1778 1923 vide·
1881 1850 1882 1939 ᾖ

441 2006 472 2052 „
497 1948 612 2046 licet,
637 1944 663 2025 st
688 1948 827 2061 absque
853 1940 1026 2056 scandalo
1039 1938 1346 2041 praedicatorum,
1372 1940 1433 2018 seu
1461 1959 1697 2019 nocumento
1722 1967 1778 2019 no
1881 1952 1882 2019 ξ

443 2110 472 2155 ,,
496 2049 606 2131 rabili
633 2069 738 2149 potes
764 2044 924 2127 illucue
950 2042 996 2121 ad
1009 2041 1309 2143 praedicandum,
1335 2039 1497 2119 omnino
1518 2041 1652 2123 vadas.
1680 2040 1776 2142 Quia
1881 2042 1882 2097 ³

441 2209 472 2256 „
497 2144 788 2253 ficutpraedibia
814 2146 928 2222 Soror
952 2143 1102 2234 Clara,
1130 2168 1194 2244 per
1225 2142 1352 2223 literas
1378 2142 1459 2223 suas
1477 2141 1578 2221 milti
1604 2141 1631 2222 si
1660 2143 1775 2231 nifica-

444 2311 473 2356 „
498 2253 580 2350 vit,
605 2275 743 2351 magna
770 2242 1061 2359 speseli,·quod
1073 2242 1299 2322 Conventus
1325 2242 1392 2321 ille
1405 2242 1558 2323 Pisanus
1584 2168 1774 2333 reducatur

443 2412 473 2458 „
497 2353 543 2432 ad
570 2352 721 2456 plenam
742 2349 1049 2437 observantiam,
1075 2343 1120 2422 de
1147 2369 1223 2443 quo
1251 2345 1395 2424 summe
1421 2346 1657 2444 gauderem.
1684 2345 1748 2425 los
1765 2390 1775 2406 ·

444 2511 473 2559 ,‚
499 2478 563 2552 per
589 2452 774 2543 literam,
798 2470 912 2547 quam
940 2441 1105 2544 petivisti
1131 2445 1176 2524 de
1202 2442 1360 2525 licentia
1386 2444 1610 2547 predicandi
1637 2466 1713 2526 tarn
1739 2444 1776 2525 ti·

444 2611 474 2658 „
500 2553 575 2650 bi,
600 2558 713 2655 quarn
739 2547 829 2627 filiis
855 2544 927 2624 tibi
964 2542 1167 2625 commistis
1195 2547 1410 2629 transmitto
1435 2548 1678 2650 prurientibus
1703 2546 1774 2625 alli·

445 2711 474 2758 „
499 2676 645 2755 getam.
673 2649 863 2731 Postremo
889 2646 981 2727 licet
1006 2640 1187 2750 gaudium
1210 2642 1309 2729 mihi
1334 2650 1420 2749 esset
1448 2636 1728 2752 presentialiter
1744 2669 1773 2729 te
1882 2700 1883 2725 r

444 2812 476 2860 „
500 2757 652 2853 videre,
677 2775 804 2832 tamen
832 2776 910 2829 non
936 2747 988 2828 est
1014 2749 1113 2829 mihi
1140 2752 1307 2833 multum
1327 2751 1592 2850 necessarium,
1616 2750 1718 2853 quod
1744 2771 1780 2833 tu
1882 2770 1883 2837 l

447 2912 476 2962 ,‚
502 2855 746 2963 personaliter
772 2852 901 2931 venias
940 2851 1054 2952 usque
1082 2852 1157 2930 huc
1184 2853 1229 2931 ad
1267 2855 1522 2935 reducendum
1560 2878 1622 2935 me
1650 2852 1693 2932 in
1718 2854 1780 2929 lta
1882 2868 1883 2889 ¹

448 2994 478 3062 ,5
504 2962 617 3043 liam:
645 2953 829 3058 potissime
856 2951 945 3068 quia
971 2953 1071 3046 scio,
1097 2953 1329 3053 presentiam
1353 2976 1458 3035 tuam
1480 2955 1521 3034 in
1533 2953 1783 3034 CivitateVe·

449 3116 480 3162 „
503 3061 692 3143 netiarum
720 3056 958 3135 necessariam
986 3055 1077 3150 esse,
1102 3054 1308 3134 &utilem
1335 3056 1407 3136 Sed
1436 3078 1477 3136 ut
1488 3055 1689 3135 domestice
1714 3052 1781 3135 ribi

448 3215 482 3264 ‚,
507 3164 639 3264 loquar
659 3155 831 3253 ,utilius
857 3155 944 3232 esset
966 3176 1034 3254 pro
1062 3155 1184 3232 reditu
1211 3181 1333 3250 meo,
1367 3158 1470 3258 quod
1496 3179 1539 3238 tu
1565 3181 1649 3238 cum
1676 3154 1786 3255 Supe-

433 3314 479 3364 ‚„
503 3264 630 3358 r-iote,
652 3259 690 3339 8<
716 3255 800 3335 aliis
826 3253 955 3369 filiis„
989 3253 1144 3356 aliquod
1170 3255 1268 3336 mihi
1289 3260 1539 3359 procuraretis
1575 3254 1786 3351 viaticum,

450 3419 480 3463 „
504 3390 593 3446 cum
604 3386 680 3462 quo
693 3355 845 3458 potum,
871 3354 1069 3452 adiuvante
1084 3358 1194 3452 Deo,
1220 3358 1340 3437 redire
1366 3360 1412 3438 ad
1442 3384 1531 3455 vos,
1557 3381 1785 3461 namexpen·

446 3518 481 3564 „
506 3465 569 3560 di,
594 3457 825 3561 &quidquid
853 3455 995 3552 habui,
1021 3457 1171 3557 &quod
1197 3461 1368 3541 nondum
1391 3462 1538 3558 habeo,
1562 3460 1652 3562 quia
1679 3460 1720 3539 in
1737 3458 1786 3541 de·
1882 3510 1883 3539 r

449 3616 479 3665 „
505 3564 594 3645 bitis
620 3562 727 3657 sum,
753 3584 822 3639 nec
850 3579 942 3674 puto
968 3559 1137 3658 expensa
1163 3584 1256 3638 mea
1283 3552 1513 3643 infirmitatis
1538 3588 1628 3643 cum
1639 3561 1724 3641 aliis
1735 3581 1788 3645 nt·

451 3682 481 3766 3,
505 3662 688 3758 cellariis,
712 3687 794 3762 quae
822 3658 886 3738 lnc
913 3658 1109 3757 expendi,
1148 3686 1209 3739 me
1235 3662 1516 3762 completurum
1542 3689 1634 3743 cum
1661 3684 1789 3842 magna
1882 3662 1883 3751 ᾗ

1747 3786 1791 3845 ct·
1882 3788 1883 3833 ;

449 3820 480 3867 ‚,
504 3765 715 3870 quantitate
742 3759 929 3863 pecunia.
956 3760 1092 3857 Unde,
1118 3759 1246 3863 siquid
1272 3788 1335 3859 me
1358 3763 1510 3864 potestis
1535 3764 1690 3863 juvare,

449 3920 481 3968 „
504 3891 567 3965 te,
592 3867 681 3970 quia
702 3864 861 3957 utilem,
888 3882 930 3939 ut
956 3883 1085 3962 puto,
1120 3864 1401 3965 eleemosynam
1430 3868 1518 3944 Deo
1543 3865 1724 3967 placitam
1749 3861 1791 3942 sa·

451 4022 480 4069 „
502 3970 635 4051 cieris.
665 3963 804 4059 Multis
829 3962 934 4042 enirn
963 3963 1168 4063 indigebo,
1195 3963 1221 4041 st
1247 3969 1479 4047 concedente
1501 3967 1679 4048 Domino
1705 3962 1792 4045 redi·

451 4075 556 4171 „bo
583 4069 629 4148 ad
656 4093 760 4162 vos,
797 4088 949 4166 propter
977 4062 1241 4145 infirmitatem
1278 4069 1470 4168 longam,
1505 4095 1590 4169 qua
1617 4095 1681 4148 me
1706 4063 1793 4147 deti·

450 4225 481 4270 „
507 4173 617 4265 nuit,
642 4167 780 4271 quibus
808 4192 886 4245 non
914 4162 1087 4265 indigui,
1113 4164 1304 4247 veniendo
1330 4172 1511 4272 adportes
1538 4170 1647 4253 istas:
1672 4189 1791 4249 totum

452 4324 483 4372 „
506 4292 636 4356 tameo
660 4267 866 4354 committo
891 4287 1040 4349 aterna
1063 4266 1314 4373 providentia
1339 4271 1577 4371 salvatoris,
1598 4268 1641 4355 in
1659 4289 1794 4374 quote

1655 4428 1684 4475 n
1709 4398 1752 4453 κ
