3800 5342
541 454 622 522 112

478 568 644 660 rentiam
667 564 860 672 sanum&
881 564 1087 658 incolumis
1105 571 1167 656 die
1187 572 1367 683 vigesima
1385 594 1489 654 nona
1513 571 1703 674 ejusdem.
1729 574 1821 674 Qua

395 700 399 705 “
478 683 539 759 die
566 680 620 758 ibi
646 677 770 776 recepi
798 672 912 754 urtam
940 674 1089 759 literam
1119 674 1283 754 Veslram
1306 731 1327 771 ,v
1353 676 1391 755 8(
1418 674 1585 777 sequenti
1612 672 1674 752 die
1701 674 1819 754 aliam

478 783 652 880 scriptam
674 776 848 859 Venetiis
869 777 929 855 dic
952 775 1129 876 vigesima
1154 776 1344 856 secunda.
1380 777 1432 854 Et
1461 774 1682 871 noveritis,
1718 775 1820 875 quod

476 882 626 958 Bullam
664 876 978 979 confirmationis
998 878 1068 958 &u
1093 898 1245 957 mecum
1322 878 1455 969 rtavi,
1491 876 1529 954 8(
1556 873 1666 955 vobis
1702 874 1820 975 ipsam

476 1002 564 1060 cum
594 978 834 1081 presentibus
860 979 975 1057 mitto
1001 1001 1066 1077 per
1092 903 1560 1080 bancumgitristophori,
1583 974 1818 1056 &Matthai

477 1084 524 1160 de
551 1080 718 1173 Ricciis,
745 1104 812 1193 pro
834 1102 910 1178 qua
936 1077 1081 1159 debetis
1108 1079 1503 1159 solvereultradecem
1516 1079 1697 1171 ducatos,
1723 1101 1816 1177 quor

478 1180 596 1259 habui
622 1205 644 1256 a
671 1182 804 1280 vobis,
831 1179 904 1279 jam
931 1178 985 1258 cll
1010 1205 1132 1259 annus
1156 1205 1246 1260 cum
1273 1178 1468 1274 dimidio,
1493 1178 1659 1256 florenos
1684 1177 1734 1256 de
1761 1201 1816 1256 ce·

478 1305 582 1360 mera
620 1278 888 1379 septuaginta,
923 1279 961 1358 8(
997 1305 1118 1359 unum
1156 1282 1234 1362 bol.
1260 1279 1581 1382 trigintaquatuot
1601 1324 1616 1373 ,
1640 1276 1814 1357 denuios

475 1381 676 1495 quinque:
713 1379 792 1480 Qui
822 1380 956 1460 floreni
982 1381 1029 1460 de
1055 1402 1203 1461 camera
1240 1382 1344 1481 juxta
1367 1378 1695 1480 computationem
1722 1402 1814 1457 met·

474 1502 647 1576 catoris,
682 1483 747 1581 qui
772 1505 839 1561 eos
864 1479 1064 1581 praellitit,
1101 1482 1230 1562 valent
1256 1482 1302 1560 de
1328 1481 1482 1562 florenis
1508 1475 1643 1558 nollris
1666 1478 1716 1557 de
1734 1479 1814 1558 Plo·

476 1584 600 1662 tentia
626 1584 789 1663 florenos
814 1581 1046 1684 septuaginta
1073 1582 1169 1680 sex,
1198 1582 1337 1662 solidos
1358 1578 1647 1685 quatuordecim
1670 1631 1686 1675 ,
1711 1580 1814 1659 <lene

477 1683 554 1763 rios
581 1684 642 1761 sex
669 1685 714 1759 ad
742 1708 899 1779 aurum,
923 1681 1160 1784 quisaciunt
1185 1682 1288 1785 quast
1315 1705 1388 1762 tres
1413 1703 1563 1783 quartas
1580 1679 1812 1760 alteriusllo·

338 1790 350 1801 “
476 1780 582 1864 reni.
611 1782 721 1862 Illam
748 1807 838 1883 ergo
863 1782 1088 1899 pecuniam,
1113 1784 1259 1864 debetis
1286 1781 1382 1861 mihi
1409 1783 1562 1862 mittere
1587 1781 1812 1878 Florentia,

474 1880 762 1986 configrla‘ntlam
773 1884 1078 1986 Clrnliophoto,
1100 1885 1140 1964 8(
1167 1883 1357 1964 Matthaeo
1382 1883 1428 1963 de
1453 1880 1598 1963 Ricciis
1622 1907 1691 1982 pet
1717 1907 1814 1978 me,
1875 1950 1876 1965 r

473 2008 516 2064 ut
543 2010 588 2064 ex
617 1986 691 2086 ipsa
716 1983 824 2085 possit
851 1984 1019 2064 satisfieri
1044 1987 1256 2067 creditori.
1283 1984 1407 2064 Mitto
1431 2008 1559 2063 autem
1588 1984 1812 2062 vobiscum
1875 2060 1876 2073 Ν

428 2076 443 2111 ⁸
474 2084 970 2189 dieiassullacornputum,
993 2087 1031 2166 8(
1056 2088 1245 2166 rationem
1271 2085 1446 2165 omnium
1474 2084 1749 2187 expensarum,
1771 2083 1811 2163 in
1873 2076 1876 2143 ἕ

471 2184 539 2266 isla
562 2189 671 2267 causa
697 2185 970 2283 ftuaumut
997 2187 1138 2288 possitis
1163 2186 1307 2288 fingula
1332 2183 1501 2264 distinste
1520 2184 1811 2284 comprehende·
1874 2152 1876 2286 l

471 2308 535 2384 re‘,
561 2289 599 2367 8(
624 2288 700 2366 fitis
725 2306 883 2383 certus,
899 2287 1035 2386 quod,
1062 2286 1087 2364 st
1113 2286 1210 2365 alius
1236 2287 1418 2366 habuisset
1445 2282 1808 2382 sacetefconstasset
1874 2288 1876 2311 ³

471 2389 583 2468 v'obis
608 2410 790 2483 centurn,
812 2387 853 2466 8(
877 2387 1154 2488 quinquaginta
1177 2389 1358 2484 ducatos,
1382 2388 1421 2466 8(
1447 2389 1543 2467 sorte
1590 2387 1671 2466 lus.
1699 2388 1808 2487 Rogo
1874 2379 1876 2495 i

475 2489 640 2585 iterum,
667 2510 709 2566 ut
737 2514 814 2566 non
840 2486 989 2566 deficiat
1011 2544 1024 2582 ,
1045 2489 1143 2587 quin
1169 2489 1307 2568 disiam
1336 2489 1534 2593 pecuniam
1561 2415 1688 2567 istim
1716 2486 1811 2566 mibi

472 2589 654 2669 mittatis.
681 2591 778 2667 ltem
793 2586 938 2684 sciatis,
964 2588 1384 2688 quodnullamBullam
1395 2590 1566 2686 extraxi,
1593 2586 1661 2666 nist
1675 2614 1811 2683 unam,

456 2714 586 2790 ,quant
614 2690 724 2769 vobis
750 2689 894 2767 mitto.
930 2686 1124 2787 Quaelibet
1151 2712 1278 2774 autem
1307 2690 1466 2770 ulterior
1491 2691 1599 2770 Bulla
1625 2689 1812 2770 constabit
1874 2766 1875 2791 ,

468 2790 569 2870 circa
597 2790 736 2891 viginti
764 2792 929 2871 florenos
955 2791 1001 2868 tle
1018 2793 1223 2871 Camerti.
1251 2793 1302 2870 Et
1330 2791 1440 2890 ideo,
1467 2791 1501 2870 st·
1520 2791 1636 2870 vultis
1662 2792 1808 2892 aliquas
1874 2822 1875 2825 ¹

467 2891 608 2970 habere
634 2891 858 2986 ulteriores,
885 2888 1068 2971 ordinetis
1078 2894 1219 2993 ,quud
1248 2890 1407 2971 habeam
1437 2891 1636 2994 pecuniam
1659 2918 1675 2985 ς
1702 2892 1740 2971 8(
1761 2891 1807 2971 sa·

467 2991 566 3071 ciam
591 2991 783 3092 expediri.
811 2993 896 3071 Nec
925 2993 1075 3070 videtur
1101 2993 1234 3088 milti,
1267 2993 1371 3093 quod
1397 3017 1463 3094 per
1489 2992 1808 3072 manus‘alterius

470 3093 669 3172 ulteriores
694 3092 777 3171 aliae
803 3091 1084 3193 expediantur,
1111 3094 1148 3170 8(
1175 3094 1298 3172 habeo
1324 3092 1440 3173 etiam
1467 3094 1626 3173 modum
1652 3091 1807 3192 adpro
1874 3108 1875 3161 l

469 3195 675 3301 videndum
704 3192 796 3288 uni,
821 3191 886 3272 uel
907 3192 1054 3271 duobus
1075 3193 1219 3275 ducatis
1245 3220 1314 3295 pro
1331 3194 1522 3310 qualibet.
1551 3191 1808 3273 ltemnonvi·
1873 3260 1874 3263 r

467 3295 577 3372 detur
600 3293 726 3388 milti,
751 3294 852 3392 quod
879 3293 919 3371 iu
947 3294 1076 3394 aliquo
1102 3296 1313 3374 Conventa
1337 3295 1406 3373 tlia
1431 3295 1543 3375 Bulla
1569 3294 1807 3390 insinuetur,

470 3420 668 3494 quousque
696 3392 896 3472 Provincia
930 3393 1037 3473 illius
1063 3398 1292 3475 Conventus
1318 3396 1455 3474 habeat
1491 3397 1537 3475 ad
1565 3395 1696 3495 minus
1722 3397 1806 3474 duas

467 3494 595 3573 Bullas
622 3514 771 3597 propter
795 3494 977 3591 majorem
1005 3498 1150 3596 negotii
1176 3496 1416 3574 firmitatem.
1444 3500 1542 3576 Item
1571 3498 1610 3576 in
1633 3496 1708 3575 ista
1727 3497 1805 3575 Bul·

465 3595 503 3674 la
529 3621 607 3673 non
630 3595 879 3674 continentur
905 3597 1206 3696 particulariter,
1226 3596 1436 3711 quaemihi
1463 3598 1610 3678 misistis
1637 3598 1803 3699 investra

464 3695 646 3791 minuta,
684 3723 724 3793 pt
778 3721 834 3776 ter
872 3697 1081 3776 faciliorem
1118 3696 1419 3797 expedtslionem‘
1455 3697 1803 3789 inCancellaria3
1872 3770 1873 3775 r

462 3797 552 3897 quia
578 3798 728 3897 oportui
758 3820 830 3894 et,
857 3824 917 3876 rne
944 3798 1087 3899 singula
1114 3799 1250 3893 clare,
1270 3798 1312 3875 8(
1335 3798 1509 3878 distinete
1538 3803 1737 3902 probare3
1769 3799 1801 3877 8(

460 3899 702 3999 probationes
730 3925 807 3978 non
835 3900 1022 3995 habebam
1047 3899 1168 3993 tales,
1194 3898 1508 3998 qualesibidemr
1558 3901 1801 3994 uisebantur,

405 4010 411 4020 “
458 4000 639 4079 videlicet
661 4030 670 4078 :
696 4002 799 4101 quod
826 4001 866 4078 B.
895 4000 1125 4103 Dominicus
1150 3998 1262 4076 illuni
1285 3998 1471 4079 Ordinem
1501 3926 1691 4097 iitilituit,
1717 4000 1803 4079 licut
1872 4030 1873 4095 ι

458 4103 561 4199 quod
599 4120 842 4180 mutaverunt
877 4126 1020 4179 nomen
1058 4102 1103 4176 de
1134 4100 1281 4178 Militia
1307 4102 1391 4198 Jesu
1419 4102 1565 4181 Cltrilli
1593 4103 1635 4181 in
1664 4125 1801 4180 nomen

458 4201 667 4303 Fratrum,
702 4203 740 4279 8(
767 4203 947 4278 Sororum
984 4200 1030 4275 de
1060 4199 1286 4278 Poenitentia
1325 4202 1364 4277 Β.
1393 4202 1632 4300 Dominici,
1667 4205 1708 4282 8(
1734 4204 1802 4281 alia
1871 4238 1872 4253 ¹

456 4302 626 4401 quadam
648 4357 676 4394 „
697 4300 780 4402 qua*
815 4303 945 4380 omnia
984 4320 1050 4380 me
1072 4301 1171 4377 clare
1207 4303 1364 4401 probare
1389 4305 1621 4403 „oportuisset
1652 4332 1721 4407 per
1745 4324 1804 4403 prt-

457 4400 558 4483 blica
574 4403 856 4523 instrumenta,
881 4401 1019 4505 quibus
1039 4403 1245 4483 carebam.
1272 4402 1466 4487 Alianon
1494 4407 1621 4491 scribo
1636 4409 1695 4587 istd
1717 4416 1803 4505 ‘pra-

1664 4535 1756 4607 (ης,
1871 4584 1872 4587 r
