3800 5342
1346 420 1431 508 377
1509 552 1511 557 J

145 543 355 627 verentium
383 529 806 655 hueusqueseruautur.
830 537 967 653 Tanta
993 535 1146 642 insuper
1174 542 1496 647 cumsupradiblis

147 647 315 748 uigiliis,
342 641 624 735 meditationis,
650 636 984 754 contemplationis
1010 661 1090 720 etat
1116 667 1159 721 ac
1189 646 1414 744 orationis,
1448 668 1494 727 ut

147 747 247 848 quas
276 750 419 848 semper
438 743 517 848 post
540 740 927 855 divinumoslicium,
950 758 1063 842 atque
1076 742 1268 845 postquam
1295 746 1494 852 adscripfis·

146 851 202 928 set
225 847 301 927 five
321 849 468 949 legisset
497 869 575 926 tam
603 841 876 938 meditationi,
900 862 1015 940 quam
1037 846 1355 946 contemplationi
1380 905 1395 947 ,
1430 850 1496 932 vel

146 948 312 1028 orationi
334 968 481 1029 vacaret
509 947 723 1041 intantum
749 940 851 1046 quod
878 941 1009 1047 Mater
1035 943 1195 1047 idipsum
1222 948 1419 1030 advertens
1446 975 1494 1032 ex

147 1048 488 1146 Conscientia-,ad
513 1045 666 1126 servitia
691 1045 829 1123 domus
853 1068 937 1123 eam
964 1069 1078 1146 quam
1106 1048 1301 1129 modicum
1328 1052 1493 1154 require-

148 1151 211 1229 bat
237 1204 251 1246 ,
285 1151 345 1231 sed
371 1149 502 1251 sapius
527 1148 741 1251 parcebat,
767 1170 864 1231 nea
889 1165 998 1227 tanto
1024 1147 1153 1246 bono,
1177 1145 1234 1226 sui
1261 1152 1495 1252 occasione,

148 1252 311 1329 Domini
339 1247 772 1351 dileiiaimpediretum
798 1270 1027 1356 quamquam
1055 1246 1131 1349 ipsa
1156 1250 1202 1328 ad
1223 1251 1366 1353 quavis
1392 1277 1493 1335 exer·

146 1350 239 1430 citia
265 1350 437 1432 existeret
464 1372 542 1430 tam
570 1372 618 1429 ex
643 1347 780 1428 assessu
806 1345 937 1428 ailivae
964 1347 1092 1447 vitae,
1126 1375 1239 1450 quatu
1266 1351 1383 1432 etiam
1410 1379 1495 1458 pro·

147 1474 230 1554 pter
256 1452 483 1532 obedientia
509 1450 689 1532 metitum
716 1472 831 1552 quarn
858 1471 1033 1550 prompte
1059 1450 1213 1531 obedire
1239 1474 1365 1552 parata
1392 1509 1405 1553 ,
1439 1456 1494 1536 ita

145 1553 278 1653 utique
315 1552 493 1655 genitrici
521 1552 641 1632 veluti
681 1550 781 1629 vices
809 1552 911 1630 meas
946 1551 1136 1651 gerenti,
1172 1552 1265 1630 sicut
1292 1554 1329 1632 8(
1357 1555 1456 1634 milii
1480 1614 1503 1650 .,

146 1655 404 1761 Qua'utique
427 1654 590 1751 Mater,
626 1677 715 1733 cum
741 1650 946 1767 aliquando
974 1651 1071 1731 mibi
1102 1653 1356 1753 loqueretur,
1391 1656 1505 1738 dice:

144 1756 212 1834 bat
236 1757 399 1858 qualiter
425 1758 541 1856 longe
567 1753 729 1870 amplios
755 1752 850 1847 libi,
872 1751 1056 1837 &domui
1083 1754 1156 1833 suae
1181 1755 1337 1836 cedebat
1363 1758 1410 1837 ad
1428 1783 1492 1838 eo·

143 1857 327 1954 modom,
352 1858 454 1960 quod
480 1858 559 1954 ejus
585 1853 789 1956 filiaapud
816 1855 945 1938 Demi
973 1854 1165 1951 orationi,
1189 1855 1253 1937 cui
1280 1857 1333 1937 ita
1357 1859 1395 1939 se
1423 1859 1509 1961 spi·'

113 2022 117 2029 s
143 1958 333 2039 ritualiter
359 1961 583 2060 coaptabat,
607 1954 812 2047 insisterem
836 1978 1066 2054 quamquam
1094 1954 1285 2056 aliquibus
1316 1984 1491 2059 corpora·

143 2058 245 2141 libus
271 2058 489 2139 ministeriis
515 2056 607 2137 hine
635 2055 722 2136 inde
748 2079 814 2159 per
824 2054 983 2134 domurn
1010 2055 1138 2158 inepte
1163 2078 1347 2159 occupata
1368 2060 1491 2143 inten-

145 2159 270 2240 deret.
300 2163 517 2241 Nemeum
543 2156 645 2260 quast
671 2155 855 2237 continue
881 2155 1023 2237 sursum
1048 2156 1097 2234 ad
1108 2156 1239 2237 divina
1266 2160 1426 2261 pariter,
1452 2162 1491 2241 8(
1562 2194 1565 2203 ·

142 2259 307 2342 coeleslia
333 2262 579 2358 traheretur,
614 2258 653 2339 8(
678 2257 731 2338 fic
754 2255 1001 2337 interioribus
1026 2257 1064 2336 8(
1084 2257 1341 2358 spiritualibus
1368 2263 1493 2362 prasci«

141 2388 216 2463 pue
253 2366 341 2445 esset
377 2364 524 2447 intenta
560 2359 706 2443 remissa
743 2358 792 2441 in.
821 2357 1073 2440 exterioribus
1112 2358 1181 2441 uisi
1219 2380 1260 2440 ut
1298 2362 1491 2465 praefertur

140 2463 382 2562 obedientia,
407 2485 473 2545 aut
498 2461 695 2567 singularis
712 2460 914 2562 'exigentia
934 2459 1137 2557 caritatis,
1162 2462 1200 2543 8(
1228 2462 1379 2564 pietatis
1405 2490 1490 2567 pro·

139 2562 240 2644 ximi
265 2566 522 2648 intervenisset
549 2562 751 2646 necessario
777 2562 1002 2644 reddebatur
1029 2622 1038 2643 .
1065 2566 1230 2666 Quanta
1257 2587 1384 2657 autem
1412 2565 1492 2646 efli-

138 2666 358 2765 caciaeejus
369 2667 493 2747 oratio
519 2665 634 2744 suerit
660 2665 758 2765 apud
770 2665 901 2743 Deum
928 2666 1240 2764 exsequentibus
1266 2668 1491 2769 apparebat,

140 2766 351 2871 interque
379 2767 442 2846 liic
470 2789 589 2844 uuum
616 2763 762 2843 adduco
787 2764 834 2840 de
861 2763 995 2842 multis
1022 2764 1258 2863 singulariter
1286 2769 1489 2847 admirabi-

137 2865 178 2945 le
198 2864 237 2945 8(
262 2865 360 2946 iusta
387 2866 536 2968 plenius
561 2863 849 2947 declarandum.
876 2861 983 2964 Quia
1000 2888 1090 2945 eum
1111 2864 1405 2945 ancillaChrilli
1425 2892 1491 2969 ge·
1561 2886 1563 2893 '

138 2964 286 3047 nitores
308 2968 466 3051 haberet
490 2966 653 3048 omnino
677 2964 888 3047 contrarios
914 2961 1081 3066 respediu
1108 2964 1261 3046 habitus
1293 2968 1339 3047 de
1368 2968 1492 3049 Poeni·

117 3067 262 3184 spotia
288 3069 329 3149 B.
357 3069 583 3168 Dominiei,
608 3066 826 3173 queuiipsa
854 3065 1008 3151 tandem
1035 3067 1257 3171 assumpsit,
1283 3069 1321 3149 8(
1344 3072 1490 3186 praeser-

139 3186 213 3247 tim
239 3192 287 3250 ex
313 3174 487 3276 eoquod
514 3192 706 3275 appareret
734 3168 898 3250 nimium
928 3168 1107 3270 juvenilis
1134 3169 1253 3250 atatis
1265 3192 1492 3273 noviterque

139 3268 260 3351 didius
288 3271 441 3354 habitus
467 3275 510 3355 in
536 3275 711 3355 Ciuitate
737 3271 989 3354 Venetiarum
1022 3271 1224 3375 sumpsisset
1249 3272 1491 3372 exordium,

138 3397 212 3452 nec
249 3398 329 3452 non
367 3375 405 3454 8(
431 3376 518 3455 esset
555 3375 632 3478 ipsa
658 3375 786 3455 adhue
824 3373 908 3454 viro
935 3373 1281 3456 Matrimonialiter
1309 3375 1488 3476 copulata

136 3496 367 3576 quamquam
383 3476 683 3557 Matrimonium
710 3476 872 3572 mininie
899 3473 1022 3556 didus
1048 3474 1200 3558 habitus
1226 3477 1371 3572 solvat,
1395 3496 1491 3557 atta·

138 3578 508 3680 nienquodabsque'
535 3580 675 3659 assensu
702 3577 909 3659 eorundem
936 3576 1089 3659 sitorum
1100 3577 1319 3678 genitorum
1347 3577 1387 3656 id
1408 3601 1493 3659 exe·

75 3756 78 3759 ,
135 3676 205 3777 qut
232 3702 312 3759 non
338 3681 515 3774 valeret,
551 3681 751 3760 advertens
777 3680 907 3760 taliter
931 3678 1076 3759 orando
1105 3677 1253 3761 divinas
1273 3702 1381 3757 aures
1407 3703 1490 3779 pto

136 3776 327 3877 pulsauit,
351 3781 454 3880 quod
480 3780 694 3860 immutatis
719 3780 984 3873 voluntatibus
996 3802 1197 3880 parentum
1208 3780 1389 3861 consensu
1401 3774 1494 3881 ipso·

137 3900 226 3957 rum
254 3902 334 3957 noti
358 3882 479 3960 solum
507 3881 675 3983 respeeiu
701 3881 793 3961 dieti
820 3880 1012 3977 habitur,
1048 3878 1252 3963 sedetiam
1280 3882 1491 3977 cujuscum-

138 4002 213 4080 que
238 3979 394 4060 alterius
420 3982 503 4060 voti
529 3982 586 4061 sui
612 3984 659 4062 ad
685 3985 843 4084 plenum
864 3981 1060 4078 obtinuit,
1084 3981 1395 4083 &gratiosissime
1421 3979 1493 4059 im·

138 4081 323 4182 pettavit.
351 4083 424 4161 Pro
448 4082 554 4162 finali
576 4105 706 4166 autem
735 4082 845 4180 hujus
871 4081 1046 4182 Capituli
1073 4082 1338 4177 conclusione,
1366 4079 1491 4182 prasa-

138 4181 312 4280 tisadjici
325 4181 639 4285 potest,quodex
649 4184 859 4264 affiduitate
871 4184 1029 4280 orandi,
1053 4182 1202 4284 &quasi
1214 4182 1397 4262 continue
1410 4204 1491 4263 tant

139 4280 183 4361 in
209 4282 376 4365 Ecclesia
401 4310 515 4388 quam
540 4285 585 4365 iri
609 4288 727 4366 domo
753 4286 861 4365 flexis
886 4284 1047 4384 genibus
1083 4283 1201 4363 standi
1238 4307 1408 4384 genuum
1434 4302 1492 4361 tu·

138 4381 410 4564 mesthiioneilp
432 4387 619 4488 incurrit,
644 4413 713 4492 pro
739 4409 783 4468 ut
804 4385 903 4467 insta
924 4385 976 4565 dle3
989 4385 1069 4568 llige
1088 4382 1311 4468 infirmitate
1336 4385 1425 4565 sup,
1450 4382 1489 4463 8(

279 4512 348 4565 ren.
403 4496 452 4567 ΙΙ.
1188 4548 1191 4555 ,
1354 4509 1439 4564 aiis
