<?xml version="1.0" encoding="UTF-8"?>
<!DOCTYPE html PUBLIC "-//W3C//DTD XHTML 1.0 Transitional//EN"
    "http://www.w3.org/TR/xhtml1/DTD/xhtml1-transitional.dtd">
<html xmlns="http://www.w3.org/1999/xhtml" xml:lang="en" lang="en">
 <head>
  <title>
</title>
<meta http-equiv="Content-Type" content="text/html;charset=utf-8" />
  <meta name='ocr-system' content='tesseract 3.04.00' />
  <meta name='ocr-capabilities' content='ocr_page ocr_carea ocr_par ocr_line ocrx_word'/>
</head>
<body>
  <div class='ocr_page' id='page_1' title='image "./ecclesiaeveneta01pasqgoog_0337.png"; bbox 0 0 3800 5342; ppageno 0'>
   <div class='ocr_carea' id='block_1_1' title="bbox 345 365 1381 480">
    <p class='ocr_par' dir='ltr' id='par_1_1' title="bbox 345 365 1381 480">
     <span class='ocr_line' id='line_1_1' title="bbox 345 365 1381 480; baseline 0.005 -29"><span class='ocrx_word' id='word_1_1' title='bbox 345 365 1183 467; x_wconf 83' lang='lat' dir='ltr'>Saueeroururcr.</span> <span class='ocrx_word' id='word_1_2' title='bbox 1301 395 1381 480; x_wconf 82' lang='lat'>313</span> 
     </span>
    </p>
   </div>
   <div class='ocr_carea' id='block_1_2' title="bbox 110 515 1459 1727">
    <p class='ocr_par' dir='ltr' id='par_1_2' title="bbox 110 515 1459 1727">
     <span class='ocr_line' id='line_1_2' title="bbox 110 515 1445 623; baseline 0.001 -24"><span class='ocrx_word' id='word_1_3' title='bbox 110 575 138 619; x_wconf 91' lang='lat'><strong>„</strong></span> <span class='ocrx_word' id='word_1_4' title='bbox 161 515 281 599; x_wconf 85' lang='lat' dir='ltr'>solum</span> <span class='ocrx_word' id='word_1_5' title='bbox 304 519 496 599; x_wconf 87' lang='lat' dir='ltr'>Venetum</span> <span class='ocrx_word' id='word_1_6' title='bbox 523 518 731 620; x_wconf 87' lang='lat' dir='ltr'>populum,</span> <span class='ocrx_word' id='word_1_7' title='bbox 756 517 817 596; x_wconf 90' lang='lat' dir='ltr'>sed</span> <span class='ocrx_word' id='word_1_8' title='bbox 843 516 1002 618; x_wconf 86' lang='lat' dir='ltr'>populos</span> <span class='ocrx_word' id='word_1_9' title='bbox 1023 518 1147 618; x_wconf 89' lang='lat' dir='ltr'>plures</span> <span class='ocrx_word' id='word_1_10' title='bbox 1172 522 1348 623; x_wconf 88' lang='lat' dir='ltr'>exemplo</span> <span class='ocrx_word' id='word_1_11' title='bbox 1368 522 1445 601; x_wconf 53' lang='lat' dir='ltr'>san?</span> 
     </span>
     <span class='ocr_line' id='line_1_3' title="bbox 111 618 1446 724; baseline 0.003 -26"><span class='ocrx_word' id='word_1_12' title='bbox 111 676 138 720; x_wconf 94' lang='lat'>„</span> <span class='ocrx_word' id='word_1_13' title='bbox 161 619 223 699; x_wconf 74' lang='lat' dir='ltr'>dio</span> <span class='ocrx_word' id='word_1_14' title='bbox 248 642 316 699; x_wconf 93' lang='lat' dir='ltr'>tuo</span> <span class='ocrx_word' id='word_1_15' title='bbox 343 641 563 720; x_wconf 89' lang='lat' dir='ltr'>permotos,</span> <span class='ocrx_word' id='word_1_16' title='bbox 584 618 733 720; x_wconf 89' lang='lat' dir='ltr'>pietatis</span> <span class='ocrx_word' id='word_1_17' title='bbox 759 641 916 696; x_wconf 87' lang='lat' dir='ltr'>manum</span> <span class='ocrx_word' id='word_1_18' title='bbox 938 618 1117 719; x_wconf 88' lang='lat' dir='ltr'>aperuisse</span> <span class='ocrx_word' id='word_1_19' title='bbox 1142 618 1283 719; x_wconf 89' lang='lat' dir='ltr'>inopi,</span> <span class='ocrx_word' id='word_1_20' title='bbox 1308 622 1346 702; x_wconf 95' lang='grc'>8(</span> <span class='ocrx_word' id='word_1_21' title='bbox 1372 625 1446 724; x_wconf 86' lang='lat' dir='ltr'>pal-</span> 
     </span>
     <span class='ocr_line' id='line_1_4' title="bbox 112 715 1446 824; baseline 0.002 -25"><span class='ocrx_word' id='word_1_22' title='bbox 112 776 142 820; x_wconf 82' lang='lat'>„</span> <span class='ocrx_word' id='word_1_23' title='bbox 162 747 242 800; x_wconf 87' lang='lat' dir='ltr'>mas</span> <span class='ocrx_word' id='word_1_24' title='bbox 277 723 322 800; x_wconf 91' lang='lat' dir='ltr'>ad</span> <span class='ocrx_word' id='word_1_25' title='bbox 351 745 527 822; x_wconf 81' lang='lat' dir='ltr'>pauperes</span> <span class='ocrx_word' id='word_1_26' title='bbox 562 715 801 824; x_wconf 76' lang='lat' dir='ltr'>extendisse.</span> <span class='ocrx_word' id='word_1_27' title='bbox 837 718 921 817; x_wconf 87' lang='lat' dir='ltr'>Jam</span> <span class='ocrx_word' id='word_1_28' title='bbox 947 717 1063 796; x_wconf 86' lang='lat' dir='ltr'>video</span> <span class='ocrx_word' id='word_1_29' title='bbox 1098 719 1253 799; x_wconf 88' lang='lat' dir='ltr'>miseros</span> <span class='ocrx_word' id='word_1_30' title='bbox 1278 722 1446 804; x_wconf 83' lang='lat' dir='ltr'>subleva-</span> 
     </span>
     <span class='ocr_line' id='line_1_5' title="bbox 112 817 1451 924; baseline 0.003 -23"><span class='ocrx_word' id='word_1_31' title='bbox 112 867 138 920; x_wconf 79' lang='lat'>„</span> <span class='ocrx_word' id='word_1_32' title='bbox 163 843 256 917; x_wconf 88' lang='lat' dir='ltr'>tos,</span> <span class='ocrx_word' id='word_1_33' title='bbox 291 822 328 902; x_wconf 89' lang='grc'>8(</span> <span class='ocrx_word' id='word_1_34' title='bbox 354 823 400 899; x_wconf 89' lang='lat' dir='ltr'>de</span> <span class='ocrx_word' id='word_1_35' title='bbox 426 843 532 900; x_wconf 90' lang='lat' dir='ltr'>tanto</span> <span class='ocrx_word' id='word_1_36' title='bbox 559 835 717 921; x_wconf 86' lang='lat' dir='ltr'>patrono</span> <span class='ocrx_word' id='word_1_37' title='bbox 744 817 952 919; x_wconf 85' lang='lat' dir='ltr'>plurimum</span> <span class='ocrx_word' id='word_1_38' title='bbox 979 819 1219 924; x_wconf 70' lang='lat' dir='ltr'><strong>gaudentes.</strong></span> <span class='ocrx_word' id='word_1_39' title='bbox 1257 821 1356 902; x_wconf 87' lang='lat' dir='ltr'>Vere</span> <span class='ocrx_word' id='word_1_40' title='bbox 1384 825 1451 907; x_wconf 86' lang='lat' dir='ltr'>hie</span> 
     </span>
     <span class='ocr_line' id='line_1_6' title="bbox 110 918 1459 1023; baseline -0.004 -23"><span class='ocrx_word' id='word_1_41' title='bbox 110 974 136 1020; x_wconf 89' lang='lat'>„</span> <span class='ocrx_word' id='word_1_42' title='bbox 160 924 235 1003; x_wconf 88' lang='lat' dir='ltr'>eris</span> <span class='ocrx_word' id='word_1_43' title='bbox 262 923 474 1004; x_wconf 83' lang='lat' dir='ltr'>Patriarcha</span> <span class='ocrx_word' id='word_1_44' title='bbox 500 945 746 1023; x_wconf 85' lang='lat' dir='ltr'>pauperum,</span> <span class='ocrx_word' id='word_1_45' title='bbox 773 919 811 999; x_wconf 95' lang='grc'>8(</span> <span class='ocrx_word' id='word_1_46' title='bbox 833 918 981 1000; x_wconf 87' lang='lat' dir='ltr'>Christi</span> <span class='ocrx_word' id='word_1_47' title='bbox 1008 919 1177 1019; x_wconf 85' lang='lat' dir='ltr'>pauperis</span> <span class='ocrx_word' id='word_1_48' title='bbox 1202 920 1244 999; x_wconf 87' lang='lat' dir='ltr'>iu</span> <span class='ocrx_word' id='word_1_49' title='bbox 1269 925 1459 1006; x_wconf 76' lang='lat' dir='ltr'>membris,</span> 
     </span>
     <span class='ocr_line' id='line_1_7' title="bbox 111 1021 1452 1125; baseline 0.004 -25"><span class='ocrx_word' id='word_1_50' title='bbox 111 1075 138 1122; x_wconf 88' lang='lat'><strong>„</strong></span> <span class='ocrx_word' id='word_1_51' title='bbox 164 1023 239 1101; x_wconf 86' lang='lat' dir='ltr'>suis</span> <span class='ocrx_word' id='word_1_52' title='bbox 264 1023 457 1102; x_wconf 83' lang='lat' dir='ltr'>miserator</span> <span class='ocrx_word' id='word_1_53' title='bbox 483 1023 699 1124; x_wconf 85' lang='lat' dir='ltr'>benignus.</span> <span class='ocrx_word' id='word_1_54' title='bbox 727 1021 860 1101; x_wconf 88' lang='lat' dir='ltr'>Alium</span> <span class='ocrx_word' id='word_1_55' title='bbox 890 1021 963 1115; x_wconf 82' lang='lat' dir='ltr'>iarn</span> <span class='ocrx_word' id='word_1_56' title='bbox 991 1040 1027 1125; x_wconf 81' lang='lat' dir='ltr'>te</span> <span class='ocrx_word' id='word_1_57' title='bbox 1056 1021 1271 1101; x_wconf 79' lang='lat' dir='ltr'>Martinam</span> <span class='ocrx_word' id='word_1_58' title='bbox 1299 1021 1452 1105; x_wconf 88' lang='lat' dir='ltr'>intueor</span> 
     </span>
     <span class='ocr_line' id='line_1_8' title="bbox 112 1119 1455 1224; baseline 0.004 -23"><span class='ocrx_word' id='word_1_59' title='bbox 112 1175 139 1220; x_wconf 90' lang='lat'>„</span> <span class='ocrx_word' id='word_1_60' title='bbox 165 1122 264 1201; x_wconf 82' lang='lat' dir='ltr'>vesle</span> <span class='ocrx_word' id='word_1_61' title='bbox 289 1123 438 1224; x_wconf 90' lang='lat' dir='ltr'>propria</span> <span class='ocrx_word' id='word_1_62' title='bbox 459 1145 615 1224; x_wconf 88' lang='lat' dir='ltr'>propter</span> <span class='ocrx_word' id='word_1_63' title='bbox 641 1141 792 1223; x_wconf 84' lang='lat' dir='ltr'>egentes</span> <span class='ocrx_word' id='word_1_64' title='bbox 818 1123 1033 1216; x_wconf 87' lang='lat' dir='ltr'>nudatum,</span> <span class='ocrx_word' id='word_1_65' title='bbox 1058 1121 1095 1198; x_wconf 93' lang='grc'>8(</span> <span class='ocrx_word' id='word_1_66' title='bbox 1121 1119 1190 1201; x_wconf 90' lang='lat' dir='ltr'>nisi</span> <span class='ocrx_word' id='word_1_67' title='bbox 1217 1121 1383 1205; x_wconf 87' lang='lat' dir='ltr'>vestiaris</span> <span class='ocrx_word' id='word_1_68' title='bbox 1409 1145 1455 1206; x_wconf 89' lang='lat' dir='ltr'>ut</span> 
     </span>
     <span class='ocr_line' id='line_1_9' title="bbox 114 1222 1453 1324; baseline 0.003 -24"><span class='ocrx_word' id='word_1_69' title='bbox 114 1275 142 1323; x_wconf 89' lang='lat'>„</span> <span class='ocrx_word' id='word_1_70' title='bbox 169 1249 332 1324; x_wconf 79' lang='lat' dir='ltr'>pauper,</span> <span class='ocrx_word' id='word_1_71' title='bbox 356 1226 461 1304; x_wconf 69' lang='lat' dir='ltr'>sacra·</span> <span class='ocrx_word' id='word_1_72' title='bbox 483 1224 672 1303; x_wconf 81' lang='lat' dir='ltr'>missarum</span> <span class='ocrx_word' id='word_1_73' title='bbox 699 1222 881 1303; x_wconf 87' lang='lat' dir='ltr'>solemnia</span> <span class='ocrx_word' id='word_1_74' title='bbox 907 1223 1098 1301; x_wconf 87' lang='lat' dir='ltr'>celebrare</span> <span class='ocrx_word' id='word_1_75' title='bbox 1111 1247 1189 1301; x_wconf 89' lang='lat' dir='ltr'>non</span> <span class='ocrx_word' id='word_1_76' title='bbox 1213 1223 1336 1302; x_wconf 86' lang='lat' dir='ltr'>vales.</span> <span class='ocrx_word' id='word_1_77' title='bbox 1365 1226 1453 1305; x_wconf 54' lang='lat' dir='ltr'>Pro,</span> 
     </span>
     <span class='ocr_line' id='line_1_10' title="bbox 112 1322 1454 1422; baseline 0.001 -20"><span class='ocrx_word' id='word_1_78' title='bbox 112 1376 139 1422; x_wconf 85' lang='lat'>,‚</span> <span class='ocrx_word' id='word_1_79' title='bbox 166 1345 248 1422; x_wconf 89' lang='lat' dir='ltr'>pter</span> <span class='ocrx_word' id='word_1_80' title='bbox 274 1326 348 1403; x_wconf 87' lang='lat' dir='ltr'>hoc</span> <span class='ocrx_word' id='word_1_81' title='bbox 373 1325 511 1422; x_wconf 87' lang='lat' dir='ltr'>credo,</span> <span class='ocrx_word' id='word_1_82' title='bbox 536 1323 666 1403; x_wconf 85' lang='lat' dir='ltr'>divina</span> <span class='ocrx_word' id='word_1_83' title='bbox 693 1324 861 1403; x_wconf 87' lang='lat' dir='ltr'>bonitate</span> <span class='ocrx_word' id='word_1_84' title='bbox 888 1322 1128 1422; x_wconf 88' lang='lat' dir='ltr'>inspirante,</span> <span class='ocrx_word' id='word_1_85' title='bbox 1154 1322 1320 1420; x_wconf 79' lang='lat' dir='ltr'>eiusdem</span> <span class='ocrx_word' id='word_1_86' title='bbox 1347 1325 1454 1404; x_wconf 80' lang='lat' dir='ltr'>Mar·</span> 
     </span>
     <span class='ocr_line' id='line_1_11' title="bbox 110 1423 1457 1528; baseline 0.003 -26"><span class='ocrx_word' id='word_1_87' title='bbox 110 1476 138 1522; x_wconf 90' lang='lat'>„</span> <span class='ocrx_word' id='word_1_88' title='bbox 164 1424 243 1503; x_wconf 89' lang='lat' dir='ltr'>tini·</span> <span class='ocrx_word' id='word_1_89' title='bbox 265 1425 509 1505; x_wconf 83' lang='lat' dir='ltr'>devotionem</span> <span class='ocrx_word' id='word_1_90' title='bbox 537 1425 760 1528; x_wconf 72' lang='lat' dir='ltr'>precipuam</span> <span class='ocrx_word' id='word_1_91' title='bbox 787 1445 855 1504; x_wconf 93' lang='lat' dir='ltr'>tuo</span> <span class='ocrx_word' id='word_1_92' title='bbox 879 1423 986 1503; x_wconf 79' lang='lat' dir='ltr'>cordi</span> <span class='ocrx_word' id='word_1_93' title='bbox 1006 1427 1036 1519; x_wconf 80' lang='lat'>,&#39;</span> <span class='ocrx_word' id='word_1_94' title='bbox 1056 1423 1172 1503; x_wconf 87' lang='lat' dir='ltr'>etiam</span> <span class='ocrx_word' id='word_1_95' title='bbox 1207 1449 1228 1502; x_wconf 91' lang='lat' dir='ltr'>a</span> <span class='ocrx_word' id='word_1_96' title='bbox 1255 1427 1457 1508; x_wconf 85' lang='lat' dir='ltr'>cunabulis</span> 
     </span>
     <span class='ocr_line' id='line_1_12' title="bbox 110 1523 1455 1705; baseline 0.003 -101"><span class='ocrx_word' id='word_1_97' title='bbox 110 1577 139 1622; x_wconf 86' lang='lat'>,‚</span> <span class='ocrx_word' id='word_1_98' title='bbox 165 1523 271 1604; x_wconf 82' lang='lat' dir='ltr'>fuisse</span> <span class='ocrx_word' id='word_1_99' title='bbox 296 1523 532 1625; x_wconf 82' lang='lat' dir='ltr'>impressam,</span> <span class='ocrx_word' id='word_1_100' title='bbox 558 1546 600 1605; x_wconf 95' lang='lat' dir='ltr'>ut</span> <span class='ocrx_word' id='word_1_101' title='bbox 626 1526 736 1606; x_wconf 86' lang='lat' dir='ltr'>scires</span> <span class='ocrx_word' id='word_1_102' title='bbox 763 1524 942 1605; x_wconf 84' lang='lat' dir='ltr'>videlicet</span> <span class='ocrx_word' id='word_1_103' title='bbox 969 1579 982 1620; x_wconf 91' lang='lat'>,</span> <span class='ocrx_word' id='word_1_104' title='bbox 1008 1526 1159 1625; x_wconf 89' lang='lat' dir='ltr'>qualern</span> <span class='ocrx_word' id='word_1_105' title='bbox 1177 1547 1388 1705; x_wconf 44' lang='lat' dir='ltr'>patronum</span> <span class='ocrx_word' id='word_1_106' title='bbox 1416 1549 1455 1609; x_wconf 92' lang='lat' dir='ltr'>te</span> 
     </span>
     <span class='ocr_line' id='line_1_13' title="bbox 110 1624 1456 1727; baseline 0.004 -24"><span class='ocrx_word' id='word_1_107' title='bbox 110 1677 139 1725; x_wconf 87' lang='lat'>„</span> <span class='ocrx_word' id='word_1_108' title='bbox 165 1625 274 1704; x_wconf 87' lang='lat' dir='ltr'>decet</span> <span class='ocrx_word' id='word_1_109' title='bbox 300 1624 464 1706; x_wconf 88' lang='lat' dir='ltr'>imitari.</span> <span class='ocrx_word' id='word_1_110' title='bbox 490 1629 642 1727; x_wconf 92' lang='lat' dir='ltr'>Nempe</span> <span class='ocrx_word' id='word_1_111' title='bbox 670 1649 801 1709; x_wconf 79' lang='lat' dir='ltr'>tecum</span> <span class='ocrx_word' id='word_1_112' title='bbox 823 1624 1081 1723; x_wconf 69' lang='lat' dir='ltr'>aninfanria,</span> <span class='ocrx_word' id='word_1_113' title='bbox 1108 1647 1150 1705; x_wconf 92' lang='lat' dir='ltr'>ut</span> <span class='ocrx_word' id='word_1_114' title='bbox 1192 1652 1313 1724; x_wconf 84' lang='lat' dir='ltr'>otor,</span> <span class='ocrx_word' id='word_1_115' title='bbox 1346 1627 1456 1710; x_wconf 87' lang='lat' dir='ltr'>mise·</span> 
     </span>
    </p>
   </div>
   <div class='ocr_carea' id='block_1_3' title="bbox 110 1725 1455 1909">
    <p class='ocr_par' dir='ltr' id='par_1_3' title="bbox 110 1725 1455 1909">
     <span class='ocr_line' id='line_1_14' title="bbox 110 1725 1455 1909; baseline 0.004 -106"><span class='ocrx_word' id='word_1_116' title='bbox 110 1725 265 1823; x_wconf 87' lang='lat' dir='ltr'>„ratio</span> <span class='ocrx_word' id='word_1_117' title='bbox 290 1729 435 1824; x_wconf 87' lang='lat' dir='ltr'>crevit,</span> <span class='ocrx_word' id='word_1_118' title='bbox 460 1729 497 1806; x_wconf 99' lang='grc'>8(</span> <span class='ocrx_word' id='word_1_119' title='bbox 524 1728 665 1808; x_wconf 90' lang='lat' dir='ltr'>viscera</span> <span class='ocrx_word' id='word_1_120' title='bbox 691 1727 916 1909; x_wconf 54' lang='lat' dir='ltr'>pangeribus</span> <span class='ocrx_word' id='word_1_121' title='bbox 942 1725 1175 1808; x_wconf 82' lang='lat' dir='ltr'>condivifit.</span> <span class='ocrx_word' id='word_1_122' title='bbox 1213 1730 1251 1807; x_wconf 93' lang='grc' dir='ltr'><strong>Ο</strong></span> <span class='ocrx_word' id='word_1_123' title='bbox 1277 1730 1455 1829; x_wconf 85' lang='lat' dir='ltr'>quotiens</span> 
     </span>
    </p>
   </div>
   <div class='ocr_carea' id='block_1_4' title="bbox 53 1817 1549 4452">
    <p class='ocr_par' dir='ltr' id='par_1_4' title="bbox 53 1817 1549 4452">
     <span class='ocr_line' id='line_1_15' title="bbox 111 1817 1457 1927; baseline 0.003 -22"><span class='ocrx_word' id='word_1_124' title='bbox 111 1877 138 1925; x_wconf 90' lang='lat'>„</span> <span class='ocrx_word' id='word_1_125' title='bbox 164 1845 203 1905; x_wconf 90' lang='lat' dir='ltr'>te</span> <span class='ocrx_word' id='word_1_126' title='bbox 230 1825 309 1904; x_wconf 90' lang='lat' dir='ltr'>vidi</span> <span class='ocrx_word' id='word_1_127' title='bbox 336 1855 357 1907; x_wconf 92' lang='lat' dir='ltr'>a</span> <span class='ocrx_word' id='word_1_128' title='bbox 394 1848 431 1905; x_wconf 90' lang='lat' dir='ltr'>te</span> <span class='ocrx_word' id='word_1_129' title='bbox 457 1827 718 1927; x_wconf 69' lang='lat' dir='ltr'>derelibium,</span> <span class='ocrx_word' id='word_1_130' title='bbox 818 1854 934 1909; x_wconf 87' lang='lat' dir='ltr'>omne</span> <span class='ocrx_word' id='word_1_131' title='bbox 959 1829 1205 1909; x_wconf 85' lang='lat' dir='ltr'>commodum</span> <span class='ocrx_word' id='word_1_132' title='bbox 1240 1829 1361 1909; x_wconf 83' lang='lat' dir='ltr'>carnis</span> <span class='ocrx_word' id='word_1_133' title='bbox 1383 1817 1457 1909; x_wconf 83' lang='lat' dir='ltr'>tibi</span> 
     </span>
     <span class='ocr_line' id='line_1_16' title="bbox 66 1928 1454 2030; baseline 0.003 -25"><span class='ocrx_word' id='word_1_134' title='bbox 66 1935 70 1942; x_wconf 69' lang='lat'>‘</span> <span class='ocrx_word' id='word_1_135' title='bbox 111 1949 346 2027; x_wconf 84' lang='lat' dir='ltr'>„negatum</span> <span class='ocrx_word' id='word_1_136' title='bbox 374 1949 525 2030; x_wconf 88' lang='lat' dir='ltr'>propter</span> <span class='ocrx_word' id='word_1_137' title='bbox 550 1930 777 2010; x_wconf 74' lang='lat' dir='ltr'>asflidiorum</span> <span class='ocrx_word' id='word_1_138' title='bbox 804 1930 963 2009; x_wconf 89' lang='lat' dir='ltr'>salutem</span> <span class='ocrx_word' id='word_1_139' title='bbox 992 1942 1000 2014; x_wconf 82' lang='lat' dir='ltr'>s</span> <span class='ocrx_word' id='word_1_140' title='bbox 1027 1929 1135 2028; x_wconf 80' lang='lat' dir='ltr'>Quid</span> <span class='ocrx_word' id='word_1_141' title='bbox 1161 1928 1276 2009; x_wconf 88' lang='lat' dir='ltr'>etiam</span> <span class='ocrx_word' id='word_1_142' title='bbox 1304 1930 1376 2027; x_wconf 82' lang='lat' dir='ltr'>jam</span> <span class='ocrx_word' id='word_1_143' title='bbox 1404 1929 1454 2009; x_wconf 88' lang='lat' dir='ltr'>fa·</span> 
     </span>
     <span class='ocr_line' id='line_1_17' title="bbox 111 2027 1456 2132; baseline 0.002 -25"><span class='ocrx_word' id='word_1_144' title='bbox 111 2027 243 2124; x_wconf 85' lang='lat' dir='ltr'>„cies</span> <span class='ocrx_word' id='word_1_145' title='bbox 268 2028 314 2108; x_wconf 91' lang='lat' dir='ltr'>de</span> <span class='ocrx_word' id='word_1_146' title='bbox 342 2029 452 2109; x_wconf 89' lang='lat' dir='ltr'>bonis</span> <span class='ocrx_word' id='word_1_147' title='bbox 478 2054 683 2132; x_wconf 88' lang='lat' dir='ltr'>pauperum</span> <span class='ocrx_word' id='word_1_148' title='bbox 710 2030 816 2112; x_wconf 85' lang='lat' dir='ltr'>dives</span> <span class='ocrx_word' id='word_1_149' title='bbox 841 2028 996 2109; x_wconf 75' lang='lat' dir='ltr'>effeetus</span> <span class='ocrx_word' id='word_1_150' title='bbox 1016 2083 1030 2126; x_wconf 90' lang='lat'>,</span> <span class='ocrx_word' id='word_1_151' title='bbox 1054 2031 1092 2107; x_wconf 90' lang='grc'>8(</span> <span class='ocrx_word' id='word_1_152' title='bbox 1118 2055 1274 2128; x_wconf 85' lang='lat' dir='ltr'>eorum,</span> <span class='ocrx_word' id='word_1_153' title='bbox 1301 2051 1343 2108; x_wconf 93' lang='lat' dir='ltr'>ut</span> <span class='ocrx_word' id='word_1_154' title='bbox 1395 2056 1456 2111; x_wconf 85' lang='lat' dir='ltr'>rae·</span> 
     </span>
     <span class='ocr_line' id='line_1_18' title="bbox 111 2057 1458 2310; baseline 0.001 -103"><span class='ocrx_word' id='word_1_155' title='bbox 111 2179 138 2225; x_wconf 88' lang='lat'>„</span> <span class='ocrx_word' id='word_1_156' title='bbox 163 2128 305 2225; x_wconf 82' lang='lat' dir='ltr'>fertur,</span> <span class='ocrx_word' id='word_1_157' title='bbox 332 2129 547 2210; x_wconf 82' lang='lat' dir='ltr'>Patriarcha</span> <span class='ocrx_word' id='word_1_158' title='bbox 573 2137 808 2234; x_wconf 81' lang='lat' dir='ltr'>promotus?</span> <span class='ocrx_word' id='word_1_159' title='bbox 844 2131 904 2209; x_wconf 89' lang='lat' dir='ltr'>Te</span> <span class='ocrx_word' id='word_1_160' title='bbox 933 2130 1063 2310; x_wconf 50' lang='lat' dir='ltr'>utidue</span> <span class='ocrx_word' id='word_1_161' title='bbox 1090 2151 1191 2210; x_wconf 83' lang='lat' dir='ltr'>certe</span> <span class='ocrx_word' id='word_1_162' title='bbox 1218 2157 1257 2211; x_wconf 82' lang='lat' dir='ltr'>es</span> <span class='ocrx_word' id='word_1_163' title='bbox 1283 2057 1458 2211; x_wconf 61' lang='lat' dir='ltr'>venditu·</span> 
     </span>
     <span class='ocr_line' id='line_1_19' title="bbox 113 2230 1457 2338; baseline 0.001 -28"><span class='ocrx_word' id='word_1_164' title='bbox 113 2280 140 2325; x_wconf 81' lang='lat'><strong>„</strong></span> <span class='ocrx_word' id='word_1_165' title='bbox 165 2255 252 2327; x_wconf 88' lang='lat' dir='ltr'>rus,</span> <span class='ocrx_word' id='word_1_166' title='bbox 277 2231 317 2308; x_wconf 89' lang='grc'>8(</span> <span class='ocrx_word' id='word_1_167' title='bbox 328 2251 438 2324; x_wconf 76' lang='lat' dir='ltr'>tante</span> <span class='ocrx_word' id='word_1_168' title='bbox 459 2231 660 2338; x_wconf 19' lang='lat' dir='ltr'>,chariratis</span> <span class='ocrx_word' id='word_1_169' title='bbox 684 2231 919 2334; x_wconf 82' lang='lat' dir='ltr'>fulgentibus</span> <span class='ocrx_word' id='word_1_170' title='bbox 945 2255 986 2309; x_wconf 89' lang='lat' dir='ltr'>ra</span> <span class='ocrx_word' id='word_1_171' title='bbox 1011 2230 1058 2322; x_wconf 81' lang='lat' dir='ltr'>iis</span> <span class='ocrx_word' id='word_1_172' title='bbox 1084 2256 1172 2328; x_wconf 88' lang='lat' dir='ltr'>eos,</span> <span class='ocrx_word' id='word_1_173' title='bbox 1196 2232 1263 2333; x_wconf 88' lang='lat' dir='ltr'>qui</span> <span class='ocrx_word' id='word_1_174' title='bbox 1289 2251 1327 2311; x_wconf 91' lang='lat' dir='ltr'>te</span> <span class='ocrx_word' id='word_1_175' title='bbox 1355 2230 1457 2312; x_wconf 89' lang='lat' dir='ltr'>vide·</span> 
     </span>
     <span class='ocr_line' id='line_1_20' title="bbox 113 2330 1459 2511; baseline 0 -102"><span class='ocrx_word' id='word_1_176' title='bbox 113 2381 141 2427; x_wconf 86' lang='lat'>„</span> <span class='ocrx_word' id='word_1_177' title='bbox 167 2330 270 2425; x_wconf 86' lang='lat' dir='ltr'>rint,</span> <span class='ocrx_word' id='word_1_178' title='bbox 295 2333 488 2415; x_wconf 81' lang='lat' dir='ltr'>ardentius</span> <span class='ocrx_word' id='word_1_179' title='bbox 513 2334 738 2437; x_wconf 84' lang='lat' dir='ltr'>provocabis</span> <span class='ocrx_word' id='word_1_180' title='bbox 763 2335 809 2413; x_wconf 90' lang='lat' dir='ltr'>ad</span> <span class='ocrx_word' id='word_1_181' title='bbox 831 2333 1087 2432; x_wconf 83' lang='lat' dir='ltr'>eleemosynas</span> <span class='ocrx_word' id='word_1_182' title='bbox 1110 2331 1274 2428; x_wconf 61' lang='lat' dir='ltr'>sarabiam</span> <span class='ocrx_word' id='word_1_183' title='bbox 1301 2331 1459 2511; x_wconf 63' lang='lat' dir='ltr'>vestifiia</span> 
     </span>
     <span class='ocr_line' id='line_1_21' title="bbox 112 2431 1371 2538; baseline 0.003 -30"><span class='ocrx_word' id='word_1_184' title='bbox 112 2481 142 2529; x_wconf 88' lang='lat'>„</span> <span class='ocrx_word' id='word_1_185' title='bbox 165 2431 348 2533; x_wconf 81' lang='lat' dir='ltr'>siquidem</span> <span class='ocrx_word' id='word_1_186' title='bbox 376 2436 531 2538; x_wconf 89' lang='lat' dir='ltr'>sequens</span> <span class='ocrx_word' id='word_1_187' title='bbox 559 2436 678 2516; x_wconf 88' lang='lat' dir='ltr'>Patris</span> <span class='ocrx_word' id='word_1_188' title='bbox 704 2435 761 2515; x_wconf 92' lang='lat' dir='ltr'>tui</span> <span class='ocrx_word' id='word_1_189' title='bbox 784 2433 1009 2530; x_wconf 88' lang='lat' dir='ltr'>Dominici,</span> <span class='ocrx_word' id='word_1_190' title='bbox 1035 2433 1141 2532; x_wconf 87' lang='lat' dir='ltr'>cujus</span> <span class='ocrx_word' id='word_1_191' title='bbox 1163 2434 1308 2530; x_wconf 87' lang='lat' dir='ltr'>vitam,</span> <span class='ocrx_word' id='word_1_192' title='bbox 1333 2432 1371 2512; x_wconf 95' lang='grc'>8(</span> 
     </span>
     <span class='ocr_line' id='line_1_22' title="bbox 110 2532 1458 2640; baseline 0.001 -29"><span class='ocrx_word' id='word_1_193' title='bbox 110 2581 139 2631; x_wconf 87' lang='lat'><strong>„</strong></span> <span class='ocrx_word' id='word_1_194' title='bbox 167 2532 293 2613; x_wconf 88' lang='lat' dir='ltr'>bitum</span> <span class='ocrx_word' id='word_1_195' title='bbox 320 2560 436 2637; x_wconf 87' lang='lat' dir='ltr'>usque</span> <span class='ocrx_word' id='word_1_196' title='bbox 461 2537 508 2615; x_wconf 91' lang='lat' dir='ltr'>ad</span> <span class='ocrx_word' id='word_1_197' title='bbox 547 2536 681 2618; x_wconf 87' lang='lat' dir='ltr'>horam</span> <span class='ocrx_word' id='word_1_198' title='bbox 708 2537 927 2640; x_wconf 75' lang='lat' dir='ltr'>presentem</span> <span class='ocrx_word' id='word_1_199' title='bbox 964 2534 1112 2614; x_wconf 86' lang='lat' dir='ltr'>illibate</span> <span class='ocrx_word' id='word_1_200' title='bbox 1138 2534 1286 2616; x_wconf 85' lang='lat' dir='ltr'>servasii</span> <span class='ocrx_word' id='word_1_201' title='bbox 1314 2590 1323 2611; x_wconf 90' lang='lat'><strong><em>.</em></strong></span> <span class='ocrx_word' id='word_1_202' title='bbox 1361 2535 1458 2613; x_wconf 86' lang='lat' dir='ltr'>Non</span> 
     </span>
     <span class='ocr_line' id='line_1_23' title="bbox 108 2634 1457 2735; baseline 0.003 -25"><span class='ocrx_word' id='word_1_203' title='bbox 108 2688 137 2731; x_wconf 89' lang='lat'>„</span> <span class='ocrx_word' id='word_1_204' title='bbox 163 2634 327 2734; x_wconf 86' lang='lat' dir='ltr'>pudeat,</span> <span class='ocrx_word' id='word_1_205' title='bbox 353 2637 450 2733; x_wconf 81' lang='lat' dir='ltr'>Pili,</span> <span class='ocrx_word' id='word_1_206' title='bbox 478 2638 559 2735; x_wconf 85' lang='lat' dir='ltr'>jam</span> <span class='ocrx_word' id='word_1_207' title='bbox 578 2639 927 2718; x_wconf 76' lang='lat' dir='ltr'>reverendusPater</span> <span class='ocrx_word' id='word_1_208' title='bbox 954 2634 1131 2732; x_wconf 74' lang='lat' dir='ltr'>effesius,</span> <span class='ocrx_word' id='word_1_209' title='bbox 1157 2635 1182 2713; x_wconf 87' lang='lat' dir='ltr'>fi</span> <span class='ocrx_word' id='word_1_210' title='bbox 1209 2635 1325 2715; x_wconf 84' lang='lat' dir='ltr'>etiam</span> <span class='ocrx_word' id='word_1_211' title='bbox 1352 2634 1457 2734; x_wconf 84' lang='lat' dir='ltr'>igno-</span> 
     </span>
     <span class='ocr_line' id='line_1_24' title="bbox 112 2733 1456 2834; baseline 0.005 -26"><span class='ocrx_word' id='word_1_212' title='bbox 112 2788 142 2831; x_wconf 89' lang='lat'>„</span> <span class='ocrx_word' id='word_1_213' title='bbox 168 2733 291 2811; x_wconf 84' lang='lat' dir='ltr'>rantia</span> <span class='ocrx_word' id='word_1_214' title='bbox 327 2755 424 2813; x_wconf 88' lang='lat' dir='ltr'>tetra</span> <span class='ocrx_word' id='word_1_215' title='bbox 444 2738 654 2831; x_wconf 62' lang='lat' dir='ltr'>tabescas,</span> <span class='ocrx_word' id='word_1_216' title='bbox 690 2736 770 2815; x_wconf 89' lang='lat' dir='ltr'>sore</span> <span class='ocrx_word' id='word_1_217' title='bbox 807 2756 845 2814; x_wconf 89' lang='lat' dir='ltr'>te</span> <span class='ocrx_word' id='word_1_218' title='bbox 871 2734 1040 2834; x_wconf 86' lang='lat' dir='ltr'>supplico</span> <span class='ocrx_word' id='word_1_219' title='bbox 1077 2735 1262 2826; x_wconf 87' lang='lat' dir='ltr'>avisatum</span> <span class='ocrx_word' id='word_1_220' title='bbox 1298 2734 1456 2815; x_wconf 84' lang='lat' dir='ltr'>caritate</span> 
     </span>
     <span class='ocr_line' id='line_1_25' title="bbox 109 2830 1457 2933; baseline 0.004 -24"><span class='ocrx_word' id='word_1_221' title='bbox 109 2887 138 2931; x_wconf 90' lang='lat'>„</span> <span class='ocrx_word' id='word_1_222' title='bbox 164 2830 341 2927; x_wconf 81' lang='lat' dir='ltr'>sincera,</span> <span class='ocrx_word' id='word_1_223' title='bbox 374 2836 487 2933; x_wconf 88' lang='lat' dir='ltr'>quod·</span> <span class='ocrx_word' id='word_1_224' title='bbox 504 2836 758 2915; x_wconf 85' lang='lat' dir='ltr'>Ecclesrarum</span> <span class='ocrx_word' id='word_1_225' title='bbox 784 2833 928 2914; x_wconf 82' lang='lat' dir='ltr'>divitiae</span> <span class='ocrx_word' id='word_1_226' title='bbox 957 2833 1178 2913; x_wconf 77' lang='lat' dir='ltr'>Praes‘ulibus</span> <span class='ocrx_word' id='word_1_227' title='bbox 1214 2836 1418 2913; x_wconf 88' lang='lat' dir='ltr'>creduntur</span> <span class='ocrx_word' id='word_1_228' title='bbox 1444 2862 1457 2914; x_wconf 78' lang='lat' dir='ltr'>a</span> 
     </span>
     <span class='ocr_line' id='line_1_26' title="bbox 108 2931 1541 3035; baseline 0 -24"><span class='ocrx_word' id='word_1_229' title='bbox 108 2987 138 3033; x_wconf 85' lang='lat'>„</span> <span class='ocrx_word' id='word_1_230' title='bbox 165 2958 249 3016; x_wconf 88' lang='lat' dir='ltr'>non</span> <span class='ocrx_word' id='word_1_231' title='bbox 274 2933 362 3013; x_wconf 87' lang='lat' dir='ltr'>dico</span> <span class='ocrx_word' id='word_1_232' title='bbox 391 2989 404 3032; x_wconf 88' lang='lat'>,</span> <span class='ocrx_word' id='word_1_233' title='bbox 439 2955 480 3014; x_wconf 96' lang='lat' dir='ltr'>ut</span> <span class='ocrx_word' id='word_1_234' title='bbox 507 2936 594 3016; x_wconf 88' lang='lat' dir='ltr'>inde</span> <span class='ocrx_word' id='word_1_235' title='bbox 620 2959 788 3035; x_wconf 89' lang='lat' dir='ltr'>amore,</span> <span class='ocrx_word' id='word_1_236' title='bbox 825 2936 888 3016; x_wconf 90' lang='lat' dir='ltr'>vel</span> <span class='ocrx_word' id='word_1_237' title='bbox 914 2933 1095 3035; x_wconf 82' lang='lat' dir='ltr'>languine</span> <span class='ocrx_word' id='word_1_238' title='bbox 1133 2933 1201 3013; x_wconf 88' lang='lat' dir='ltr'>srbi</span> <span class='ocrx_word' id='word_1_239' title='bbox 1228 2931 1372 3031; x_wconf 77' lang='lat' dir='ltr'>junsios</span> <span class='ocrx_word' id='word_1_240' title='bbox 1408 2955 1457 3014; x_wconf 86' lang='lat' dir='ltr'>ex</span> <span class='ocrx_word' id='word_1_241' title='bbox 1536 3021 1541 3030; x_wconf 25' lang='grc' dir='ltr'><em>Ι</em></span> 
     </span>
     <span class='ocr_line' id='line_1_27' title="bbox 108 3031 1456 3139; baseline 0.001 -29"><span class='ocrx_word' id='word_1_242' title='bbox 108 3089 137 3134; x_wconf 87' lang='lat'>„</span> <span class='ocrx_word' id='word_1_243' title='bbox 164 3031 252 3134; x_wconf 87' lang='lat' dir='ltr'>ipsrs</span> <span class='ocrx_word' id='word_1_244' title='bbox 278 3034 448 3117; x_wconf 79' lang='lat' dir='ltr'>reficiant</span> <span class='ocrx_word' id='word_1_245' title='bbox 475 3058 587 3139; x_wconf 91' lang='lat' dir='ltr'>atque</span> <span class='ocrx_word' id='word_1_246' title='bbox 613 3039 776 3135; x_wconf 85' lang='lat' dir='ltr'>ditent,</span> <span class='ocrx_word' id='word_1_247' title='bbox 810 3038 857 3116; x_wconf 87' lang='lat' dir='ltr'>ad</span> <span class='ocrx_word' id='word_1_248' title='bbox 883 3037 984 3139; x_wconf 92' lang='lat' dir='ltr'>quod</span> <span class='ocrx_word' id='word_1_249' title='bbox 1011 3035 1156 3115; x_wconf 84' lang='lat' dir='ltr'>malum</span> <span class='ocrx_word' id='word_1_250' title='bbox 1185 3056 1222 3114; x_wconf 89' lang='lat' dir='ltr'>te</span> <span class='ocrx_word' id='word_1_251' title='bbox 1261 3058 1456 3136; x_wconf 86' lang='lat' dir='ltr'>nunquam</span> 
     </span>
     <span class='ocr_line' id='line_1_28' title="bbox 81 3133 1457 3239; baseline -0.001 -24"><span class='ocrx_word' id='word_1_252' title='bbox 81 3151 140 3235; x_wconf 68' lang='lat'>‘„</span> <span class='ocrx_word' id='word_1_253' title='bbox 165 3135 281 3216; x_wconf 89' lang='lat' dir='ltr'>credo</span> <span class='ocrx_word' id='word_1_254' title='bbox 308 3159 543 3216; x_wconf 87' lang='lat' dir='ltr'>venturum:</span> <span class='ocrx_word' id='word_1_255' title='bbox 580 3139 738 3220; x_wconf 59' lang='lat' dir='ltr'>sed‘nec</span> <span class='ocrx_word' id='word_1_256' title='bbox 765 3138 881 3219; x_wconf 89' lang='lat' dir='ltr'>etiam</span> <span class='ocrx_word' id='word_1_257' title='bbox 919 3133 1350 3239; x_wconf 70' lang='lat' dir='ltr'>prosalamistratorum</span> <span class='ocrx_word' id='word_1_258' title='bbox 1386 3135 1457 3214; x_wconf 88' lang='lat' dir='ltr'>ler-</span> 
     </span>
     <span class='ocr_line' id='line_1_29' title="bbox 111 3236 1461 3340; baseline 0.001 -26"><span class='ocrx_word' id='word_1_259' title='bbox 111 3289 139 3335; x_wconf 92' lang='lat'>„</span> <span class='ocrx_word' id='word_1_260' title='bbox 166 3261 331 3332; x_wconf 89' lang='lat' dir='ltr'>vorum,</span> <span class='ocrx_word' id='word_1_261' title='bbox 356 3238 395 3317; x_wconf 88' lang='grc'>8(</span> <span class='ocrx_word' id='word_1_262' title='bbox 420 3264 604 3339; x_wconf 91' lang='lat' dir='ltr'>equorum</span> <span class='ocrx_word' id='word_1_263' title='bbox 627 3239 828 3340; x_wconf 78' lang='lat' dir='ltr'>pinguium</span> <span class='ocrx_word' id='word_1_264' title='bbox 856 3242 967 3319; x_wconf 89' lang='lat' dir='ltr'>turba</span> <span class='ocrx_word' id='word_1_265' title='bbox 994 3236 1192 3338; x_wconf 87' lang='lat' dir='ltr'>pascenda:</span> <span class='ocrx_word' id='word_1_266' title='bbox 1219 3236 1281 3316; x_wconf 87' lang='lat' dir='ltr'>sed</span> <span class='ocrx_word' id='word_1_267' title='bbox 1308 3256 1461 3317; x_wconf 87' lang='lat' dir='ltr'>tantum</span> 
     </span>
     <span class='ocr_line' id='line_1_30' title="bbox 112 3335 1461 3441; baseline 0 -25"><span class='ocrx_word' id='word_1_268' title='bbox 112 3392 141 3436; x_wconf 87' lang='lat'>,‚</span> <span class='ocrx_word' id='word_1_269' title='bbox 166 3359 210 3416; x_wconf 88' lang='lat' dir='ltr'>ut</span> <span class='ocrx_word' id='word_1_270' title='bbox 238 3337 406 3417; x_wconf 74' lang='lat' dir='ltr'>dedusiis</span> <span class='ocrx_word' id='word_1_271' title='bbox 432 3340 598 3441; x_wconf 81' lang='lat' dir='ltr'>expensis</span> <span class='ocrx_word' id='word_1_272' title='bbox 626 3365 693 3440; x_wconf 89' lang='lat' dir='ltr'>pro</span> <span class='ocrx_word' id='word_1_273' title='bbox 704 3340 844 3420; x_wconf 81' lang='lat' dir='ltr'>fabrica</span> <span class='ocrx_word' id='word_1_274' title='bbox 870 3338 1032 3436; x_wconf 88' lang='lat' dir='ltr'>debitis,</span> <span class='ocrx_word' id='word_1_275' title='bbox 1057 3338 1094 3418; x_wconf 92' lang='grc'>8(</span> <span class='ocrx_word' id='word_1_276' title='bbox 1122 3364 1258 3439; x_wconf 84' lang='lat' dir='ltr'>pareo,</span> <span class='ocrx_word' id='word_1_277' title='bbox 1282 3335 1461 3438; x_wconf 76' lang='lat' dir='ltr'>arbloque</span> 
     </span>
     <span class='ocr_line' id='line_1_31' title="bbox 53 3438 1463 3542; baseline -0.001 -24"><span class='ocrx_word' id='word_1_278' title='bbox 53 3471 60 3490; x_wconf 92' lang='lat'>·</span> <span class='ocrx_word' id='word_1_279' title='bbox 112 3438 292 3538; x_wconf 40' lang='lat' dir='ltr'>scibo,</span> <span class='ocrx_word' id='word_1_280' title='bbox 316 3438 354 3518; x_wconf 93' lang='grc'>8(</span> <span class='ocrx_word' id='word_1_281' title='bbox 379 3440 436 3519; x_wconf 91' lang='lat' dir='ltr'>sui</span> <span class='ocrx_word' id='word_1_282' title='bbox 464 3440 534 3518; x_wconf 88' lang='lat' dir='ltr'>vili</span> <span class='ocrx_word' id='word_1_283' title='bbox 560 3440 695 3519; x_wconf 85' lang='lat' dir='ltr'>vestitu</span> <span class='ocrx_word' id='word_1_284' title='bbox 722 3495 735 3538; x_wconf 89' lang='lat'>,</span> <span class='ocrx_word' id='word_1_285' title='bbox 771 3444 874 3520; x_wconf 86' lang='lat' dir='ltr'>alant</span> <span class='ocrx_word' id='word_1_286' title='bbox 901 3464 1079 3542; x_wconf 87' lang='lat' dir='ltr'>pauperes</span> <span class='ocrx_word' id='word_1_287' title='bbox 1105 3440 1142 3518; x_wconf 90' lang='grc'>8(</span> <span class='ocrx_word' id='word_1_288' title='bbox 1168 3466 1342 3542; x_wconf 84' lang='lat' dir='ltr'>egenos.</span> <span class='ocrx_word' id='word_1_289' title='bbox 1378 3440 1463 3518; x_wconf 89' lang='lat' dir='ltr'>Oro</span> 
     </span>
     <span class='ocr_line' id='line_1_32' title="bbox 110 3537 1461 3644; baseline 0.001 -27"><span class='ocrx_word' id='word_1_290' title='bbox 110 3593 139 3637; x_wconf 87' lang='lat'>„</span> <span class='ocrx_word' id='word_1_291' title='bbox 165 3540 322 3640; x_wconf 87' lang='lat' dir='ltr'>supplex</span> <span class='ocrx_word' id='word_1_292' title='bbox 342 3573 362 3634; x_wconf 55' lang='lat'>⁴,</span> <span class='ocrx_word' id='word_1_293' title='bbox 401 3566 449 3620; x_wconf 89' lang='lat' dir='ltr'>ne</span> <span class='ocrx_word' id='word_1_294' title='bbox 475 3540 727 3622; x_wconf 81' lang='lat' dir='ltr'>stomachatus</span> <span class='ocrx_word' id='word_1_295' title='bbox 753 3544 981 3644; x_wconf 84' lang='lat' dir='ltr'>extemplo,</span> <span class='ocrx_word' id='word_1_296' title='bbox 1018 3537 1296 3642; x_wconf 77' lang='lat' dir='ltr'>simplieitatem</span> <span class='ocrx_word' id='word_1_297' title='bbox 1334 3563 1461 3618; x_wconf 88' lang='lat' dir='ltr'>meam</span> 
     </span>
     <span class='ocr_line' id='line_1_33' title="bbox 113 3640 1463 3744; baseline 0.002 -27"><span class='ocrx_word' id='word_1_298' title='bbox 113 3693 140 3737; x_wconf 90' lang='lat'>„</span> <span class='ocrx_word' id='word_1_299' title='bbox 167 3642 189 3718; x_wconf 88' lang='lat' dir='ltr'>s</span> <span class='ocrx_word' id='word_1_300' title='bbox 212 3642 379 3718; x_wconf 90' lang='lat' dir='ltr'>emendo</span> <span class='ocrx_word' id='word_1_301' title='bbox 405 3641 592 3723; x_wconf 86' lang='lat' dir='ltr'>derideas.</span> <span class='ocrx_word' id='word_1_302' title='bbox 621 3645 781 3723; x_wconf 89' lang='lat' dir='ltr'>Novum</span> <span class='ocrx_word' id='word_1_303' title='bbox 809 3668 970 3744; x_wconf 88' lang='lat' dir='ltr'>namque</span> <span class='ocrx_word' id='word_1_304' title='bbox 997 3641 1129 3722; x_wconf 84' lang='lat' dir='ltr'>videor</span> <span class='ocrx_word' id='word_1_305' title='bbox 1146 3641 1299 3736; x_wconf 83' lang='lat' dir='ltr'>dixisse,</span> <span class='ocrx_word' id='word_1_306' title='bbox 1323 3640 1463 3720; x_wconf 86' lang='lat' dir='ltr'>&amp;cuu-</span> 
     </span>
     <span class='ocr_line' id='line_1_34' title="bbox 109 3737 1462 3859; baseline 0.002 -43"><span class='ocrx_word' id='word_1_307' title='bbox 109 3793 138 3842; x_wconf 89' lang='lat'>„</span> <span class='ocrx_word' id='word_1_308' title='bbox 207 3741 239 3818; x_wconf 91' lang='lat' dir='ltr'>is</span> <span class='ocrx_word' id='word_1_309' title='bbox 251 3741 461 3822; x_wconf 87' lang='lat' dir='ltr'>Pastoribus</span> <span class='ocrx_word' id='word_1_310' title='bbox 488 3745 628 3859; x_wconf 77' lang='lat' dir='ltr'>(etiam</span> <span class='ocrx_word' id='word_1_311' title='bbox 654 3744 721 3845; x_wconf 88' lang='lat' dir='ltr'>qui</span> <span class='ocrx_word' id='word_1_312' title='bbox 748 3744 864 3823; x_wconf 72' lang='lat' dir='ltr'>lensii</span> <span class='ocrx_word' id='word_1_313' title='bbox 891 3744 1105 3844; x_wconf 84' lang='lat' dir='ltr'>judicantur</span> <span class='ocrx_word' id='word_1_314' title='bbox 1130 3769 1153 3820; x_wconf 89' lang='lat' dir='ltr'>a</span> <span class='ocrx_word' id='word_1_315' title='bbox 1179 3741 1355 3845; x_wconf 87' lang='lat' dir='ltr'>populis,</span> <span class='ocrx_word' id='word_1_316' title='bbox 1380 3737 1462 3840; x_wconf 89' lang='lat' dir='ltr'>qui·</span> 
     </span>
     <span class='ocr_line' id='line_1_35' title="bbox 110 3840 1463 3953; baseline 0.001 -37"><span class='ocrx_word' id='word_1_317' title='bbox 110 3895 139 3939; x_wconf 91' lang='lat'>,‚</span> <span class='ocrx_word' id='word_1_318' title='bbox 166 3864 245 3941; x_wconf 92' lang='lat' dir='ltr'>que</span> <span class='ocrx_word' id='word_1_319' title='bbox 271 3840 374 3937; x_wconf 88' lang='lat' dir='ltr'>juxta</span> <span class='ocrx_word' id='word_1_320' title='bbox 400 3844 596 3943; x_wconf 79' lang='lat' dir='ltr'>dignitatis</span> <span class='ocrx_word' id='word_1_321' title='bbox 622 3845 693 3924; x_wconf 86' lang='lat' dir='ltr'>suae</span> <span class='ocrx_word' id='word_1_322' title='bbox 719 3847 877 3944; x_wconf 82' lang='lat' dir='ltr'>gradum</span> <span class='ocrx_word' id='word_1_323' title='bbox 904 3864 1041 3924; x_wconf 89' lang='lat' dir='ltr'>ornatu</span> <span class='ocrx_word' id='word_1_324' title='bbox 1063 3842 1293 3924; x_wconf 77' lang='lat' dir='ltr'>famulorum</span> <span class='ocrx_word' id='word_1_325' title='bbox 1321 3842 1463 3953; x_wconf 80' lang='lat' dir='ltr'>vallan-</span> 
     </span>
     <span class='ocr_line' id='line_1_36' title="bbox 111 3938 1463 4123; baseline -0.001 -105"><span class='ocrx_word' id='word_1_326' title='bbox 111 3995 139 4038; x_wconf 90' lang='lat'>„</span> <span class='ocrx_word' id='word_1_327' title='bbox 168 3938 268 4033; x_wconf 90' lang='lat' dir='ltr'>tur)</span> <span class='ocrx_word' id='word_1_328' title='bbox 293 3942 498 4024; x_wconf 83' lang='lat' dir='ltr'>detraxisse</span> <span class='ocrx_word' id='word_1_329' title='bbox 525 4002 534 4022; x_wconf 92' lang='lat'><strong>.</strong></span> <span class='ocrx_word' id='word_1_330' title='bbox 572 3946 655 4123; x_wconf 37' lang='lat' dir='ltr'>(dui</span> <span class='ocrx_word' id='word_1_331' title='bbox 679 3945 777 4047; x_wconf 90' lang='lat' dir='ltr'>proh</span> <span class='ocrx_word' id='word_1_332' title='bbox 804 3946 948 4026; x_wconf 88' lang='lat' dir='ltr'>dolor!</span> <span class='ocrx_word' id='word_1_333' title='bbox 985 3944 1100 4023; x_wconf 89' lang='lat' dir='ltr'>etiam</span> <span class='ocrx_word' id='word_1_334' title='bbox 1129 3944 1223 4024; x_wconf 88' lang='lat' dir='ltr'>illud</span> <span class='ocrx_word' id='word_1_335' title='bbox 1250 3942 1463 4021; x_wconf 86' lang='lat' dir='ltr'>Salamoms</span> 
     </span>
     <span class='ocr_line' id='line_1_37' title="bbox 113 4038 1463 4147; baseline 0.001 -31"><span class='ocrx_word' id='word_1_336' title='bbox 113 4065 142 4138; x_wconf 86' lang='lat'>,·,</span> <span class='ocrx_word' id='word_1_337' title='bbox 168 4040 411 4141; x_wconf 70' lang='lat' dir='ltr'>adimplente</span> <span class='ocrx_word' id='word_1_338' title='bbox 450 4044 512 4122; x_wconf 75' lang='lat' dir='ltr'>ubi</span> <span class='ocrx_word' id='word_1_339' title='bbox 537 4071 601 4122; x_wconf 90' lang='lat' dir='ltr'>mu</span> <span class='ocrx_word' id='word_1_340' title='bbox 616 4069 663 4124; x_wconf 83' lang='lat' dir='ltr'>tae</span> <span class='ocrx_word' id='word_1_341' title='bbox 682 4046 774 4147; x_wconf 83' lang='lat' dir='ltr'>sunt</span> <span class='ocrx_word' id='word_1_342' title='bbox 799 4068 880 4144; x_wconf 84' lang='lat' dir='ltr'>opes</span> <span class='ocrx_word' id='word_1_343' title='bbox 904 4100 917 4140; x_wconf 91' lang='lat'>‚</span> <span class='ocrx_word' id='word_1_344' title='bbox 944 4038 1056 4123; x_wconf 82' lang='lat' dir='ltr'>multi</span> <span class='ocrx_word' id='word_1_345' title='bbox 1073 4044 1166 4146; x_wconf 85' lang='lat' dir='ltr'>sunt</span> <span class='ocrx_word' id='word_1_346' title='bbox 1192 4040 1255 4143; x_wconf 79' lang='lat' dir='ltr'>qui</span> <span class='ocrx_word' id='word_1_347' title='bbox 1280 4040 1463 4120; x_wconf 76' lang='lat' dir='ltr'>devoram</span> 
     </span>
     <span class='ocr_line' id='line_1_38' title="bbox 112 4142 1462 4248; baseline -0.001 -30"><span class='ocrx_word' id='word_1_348' title='bbox 112 4173 142 4240; x_wconf 67' lang='lat'>5,</span> <span class='ocrx_word' id='word_1_349' title='bbox 164 4147 254 4219; x_wconf 67' lang='lat' dir='ltr'>aas.</span> <span class='ocrx_word' id='word_1_350' title='bbox 283 4142 379 4221; x_wconf 88' lang='lat' dir='ltr'>Tibi</span> <span class='ocrx_word' id='word_1_351' title='bbox 400 4169 567 4246; x_wconf 89' lang='lat' dir='ltr'>namque</span> <span class='ocrx_word' id='word_1_352' title='bbox 586 4172 664 4225; x_wconf 84' lang='lat' dir='ltr'>non</span> <span class='ocrx_word' id='word_1_353' title='bbox 684 4148 902 4248; x_wconf 83' lang='lat' dir='ltr'>pulvetosos</span> <span class='ocrx_word' id='word_1_354' title='bbox 922 4147 1059 4245; x_wconf 84' lang='lat' dir='ltr'>pedes,</span> <span class='ocrx_word' id='word_1_355' title='bbox 1084 4145 1269 4244; x_wconf 89' lang='lat' dir='ltr'>ledcaput</span> <span class='ocrx_word' id='word_1_356' title='bbox 1295 4164 1341 4220; x_wconf 90' lang='lat' dir='ltr'>ex</span> <span class='ocrx_word' id='word_1_357' title='bbox 1368 4164 1462 4218; x_wconf 88' lang='lat' dir='ltr'>auro</span> 
     </span>
     <span class='ocr_line' id='line_1_39' title="bbox 104 4237 1549 4350; baseline 0 -33"><span class='ocrx_word' id='word_1_358' title='bbox 104 4293 142 4339; x_wconf 76' lang='lat'>„</span> <span class='ocrx_word' id='word_1_359' title='bbox 164 4243 320 4340; x_wconf 82' lang='lat' dir='ltr'>optimo</span> <span class='ocrx_word' id='word_1_360' title='bbox 342 4242 571 4324; x_wconf 85' lang='lat' dir='ltr'>imitandum</span> <span class='ocrx_word' id='word_1_361' title='bbox 589 4271 791 4350; x_wconf 83' lang='lat' dir='ltr'>pmponu,</span> <span class='ocrx_word' id='word_1_362' title='bbox 814 4247 1032 4326; x_wconf 82' lang='lat' dir='ltr'>Dominum</span> <span class='ocrx_word' id='word_1_363' title='bbox 1058 4241 1338 4343; x_wconf 84' lang='lat' dir='ltr'>scilicetJesum</span> <span class='ocrx_word' id='word_1_364' title='bbox 1350 4237 1464 4319; x_wconf 85' lang='lat' dir='ltr'>Chri·</span> <span class='ocrx_word' id='word_1_365' title='bbox 1547 4277 1549 4282; x_wconf 95' lang='lat'>·</span> 
     </span>
     <span class='ocr_line' id='line_1_40' title="bbox 116 4340 1461 4452; baseline 0.001 -33"><span class='ocrx_word' id='word_1_366' title='bbox 116 4393 145 4440; x_wconf 91' lang='lat'>„</span> <span class='ocrx_word' id='word_1_367' title='bbox 172 4340 296 4439; x_wconf 81' lang='lat' dir='ltr'>lium,</span> <span class='ocrx_word' id='word_1_368' title='bbox 321 4345 428 4444; x_wconf 80' lang='lat' dir='ltr'>cujus</span> <span class='ocrx_word' id='word_1_369' title='bbox 452 4369 580 4431; x_wconf 85' lang='lat' dir='ltr'>amore</span> <span class='ocrx_word' id='word_1_370' title='bbox 608 4368 646 4430; x_wconf 84' lang='lat' dir='ltr'>te</span> <span class='ocrx_word' id='word_1_371' title='bbox 672 4349 763 4452; x_wconf 82' lang='lat' dir='ltr'>sape</span> <span class='ocrx_word' id='word_1_372' title='bbox 789 4346 1014 4449; x_wconf 85' lang='lat' dir='ltr'>languidum</span> <span class='ocrx_word' id='word_1_373' title='bbox 1042 4344 1146 4443; x_wconf 90' lang='lat' dir='ltr'>vidi,</span> <span class='ocrx_word' id='word_1_374' title='bbox 1170 4341 1461 4425; x_wconf 83' lang='lat' dir='ltr'>&amp;deficientem</span> 
     </span>
    </p>
   </div>
   <div class='ocr_carea' id='block_1_5' title="bbox 225 4447 1410 4544">
    <p class='ocr_par' dir='ltr' id='par_1_5' title="bbox 225 4447 1410 4544">
     <span class='ocr_line' id='line_1_41' title="bbox 225 4447 1410 4544; baseline 0.018 -21"><span class='ocrx_word' id='word_1_375' title='bbox 225 4448 332 4526; x_wconf 71' lang='lat' dir='ltr'>Tum,</span> <span class='ocrx_word' id='word_1_376' title='bbox 353 4454 431 4530; x_wconf 85' lang='lat' dir='ltr'><strong><em>VII.</em></strong></span> <span class='ocrx_word' id='word_1_377' title='bbox 909 4447 975 4528; x_wconf 70' lang='lat' dir='ltr'>Rs</span> <span class='ocrx_word' id='word_1_378' title='bbox 1095 4494 1099 4500; x_wconf 53' lang='lat'><strong><em>⁴</em></strong></span> <span class='ocrx_word' id='word_1_379' title='bbox 1283 4463 1410 4544; x_wconf 58' lang='lat' dir='ltr'>‚rl&#39;fffi</span> 
     </span>
    </p>
   </div>
   <div class='ocr_carea' id='block_1_6' title="bbox 0 0 1906 5332">
    <p class='ocr_par' dir='ltr' id='par_1_6' title="bbox 0 0 1906 5332">
     <span class='ocr_line' id='line_1_42' title="bbox 0 0 1906 5332; baseline 0 0"><span class='ocrx_word' id='word_1_380' title='bbox 0 0 1906 5332; x_wconf 95' lang='lat' dir='ltr'> </span> 
     </span>
    </p>
   </div>
   <div class='ocr_carea' id='block_1_7' title="bbox 1425 2446 1543 2512">
    <p class='ocr_par' dir='ltr' id='par_1_7' title="bbox 1425 2446 1543 2512">
     <span class='ocr_line' id='line_1_43' title="bbox 1425 2446 1543 2512; baseline 0 0"><span class='ocrx_word' id='word_1_381' title='bbox 1425 2446 1543 2512; x_wconf 67' lang='grc'>8·’</span> 
     </span>
    </p>
   </div>
  </div>
 </body>
</html>
