3800 5342
18 1342 23 1357 “
148 1329 252 1427 quod
271 1325 351 1407 fere

1334 381 1423 473 419
1448 434 1451 439 >

148 513 343 611 verentia,
369 508 406 594 8(
431 512 550 616 gratia
577 508 809 607 habebatur,
834 510 1009 611 quamvis
1035 511 1148 615 longe
1175 510 1294 593 essent
1316 506 1381 615 ipfi
1403 540 1488 595 ama

148 618 245 721 plius
271 618 368 718 apud
394 636 502 706 eam,
527 642 615 696 cunr
643 638 771 695 tamen
799 638 992 716 nunquam
1020 637 1067 692 ex
1093 616 1147 695 eit
1173 615 1391 716 loqueretur
1415 618 1487 696 ali«

145 719 234 815 cul,
252 717 328 798 -nist
355 715 452 797 milri
478 718 680 817 aliqnando
706 714 857 795 ratione
879 716 1026 812 officii,
1047 716 1093 817 &A
1112 716 1350 818 temporibus?
1372 718 1488 819 depo«

147 820 266 923 tatis,¹
284 814 382 898 ltern
408 820 576 921 specialis
601 816 732 918 gratia
757 817 874 896 etiam
899 816 973 917 snit
993 818 1091 917 apud
1101 817 1323 918 supradidla'c
1335 818 1486 897 Monia·

146 924 205 1003 let
225 922 410 1023 Corporis
420 920 564 1000 Christi
591 920 632 998 in
659 919 738 998 vira
764 917 926 1021 pariter,
950 917 1202 1015 drirt'morte,=
1226 918 1394 999 aretiam
1410 918 1492 1023 poll

146 1016 188 1104 in
212 1040 384 1120 tanturn,
409 1024 511 1124 quod
532 1022 647 1122 ipsam
659 1019 842 1101 secumad
854 1020 1082 1122 sepulturam
1095 1013 1489 1122 gratantilfimesnsce·

147 1142 318 1227 petunt,
351 1124 389 1204 8(
414 1124 503 1204 esset
527 1148 663 1225 corpur
680 1124 768 1239 'ejus
792 1123 891 1223 apud
915 1148 977 1199 eas
1002 1120 1099 1201 insta
1126 1120 1403 1203 Monalierium
1429 1123 1490 1205 de·
1615 1134 1620 1139 “

147 1244 365 1327 portarum,
390 1242 535 1306 tantam
561 1226 809 1323 devotronem
838 1222 1078 1303 monialibus
1104 1222 1255 1303 enodis·
1275 1222 1487 1326 impressit,

395 1329 473 1407 ass'e
493 1328 579 1406 sunt
601 1325 697 1406 illud
719 1327 848 1405 saltem
881 1350 949 1426 pro
975 1324 1043 1404 illa·
1067 1325 1131 1429 die
1150 1325 1324 1406 claudere
1344 1327 1412 1407 snb
1438 1325 1488 1404 se·

148 1428 337 1529 pulchro.
363 1352 459 1510 lptem
488 1428 584 1530 apud
611 1452 743 1510 omnes
769 1426 824 1505 sui
846 1426 1026 1523 OrdiniS,
1051 1423 1091 1506 &f
1116 1426 1267 1506 habitus
1292 1427 1343 1505 de⁴
1367 1426 1488 1509 Poeni

149 1528 270 1608 tentia
294 1530 334 1608 B.
347 1528 575 1626 Dominici,
601 1550 677 1611 tam
700 1529 885 1630 praecipue
910 1544 1057 1630 reperta
1081 1524 1133 1608 eli
1159 1521 1344 1627 gratiose,
1370 1548 1412 1606 ut
1439 1528 1492 1610 ab

150 1626 331 1710 omnibus
352 1649 427 1731 prae
446 1632 593 1713 ceteris'
610 1630 652 1711 in
674 1630 848 1712 Domino
868 1650 1083 1709 amaremr.·
1105 1630 1156 1708 Et
1175 1628 1223 1709 stc
1245 1650 1348 1710 eram
1369 1630 1494 1730 &ego

148 1729 297 1810 condias
322 1733 369 1811 ad
396 1733 511 1835 ipsam
540 1726 717 1812 videlicet
744 1731 971 1833 praecaeteris
981 1730 1210 1834 diligendam
1224 1724 1376 1809 rarione
1396 1728 1491 1823 bpoi

145 1831 295 1911 honesti
316 1854 393 1912 tam
416 1832 656 1934 fingularirer
674 1833 840 1934 vigentis
863 1833 904 1911 in
926 1831 1026 1934 ipsa,
1051 1852 1116 1934 per
1137 1829 1240 1933 quod
1261 1856 1339 1910 non
1362 1831 1487 1910 solum

146 1932 291 2012 ceteris
312 1956 390 2012 erat
412 1935 610 2030 amabilis,
638 1934 698 2013 sed
720 1933 902 2012 etiamad
925 1933 1046 2034 ipsum
1070 1932 1223 2012 virtutis
1250 1928 1392 2012 bonum
1421 1955 1487 2011 cae·

145 2049 248 2113 teror
265 2037 518 2135 provocabat·
543 2038 642 2116 Item
663 2034 760 2137 apud
785 2035 996 2115 Plebanum
1028 2036 1103 2137 snae·
1121 2030 1314 2114 l’ar'ochia¹
1340 2052 1487 2113 tantam·

143 2132 344 2214 invenerat
363 2130 549 2237 gratiam,
572 2138 676 2239 quod
701 2137 739 2216 su
761 2154 766 2161 '
790 2134 1122 2215 rCommu'nione
1145 2138 1197 2214 ab
1220 2134 1296 2237 ipsa·
1317 2133 1487 2236 frequen

142 2236 285 2331 tanda,-
309 2237 370 2316 vel
396 2237 489 2318 alibi
515 2237 710 2333 facienda,
747 2238 799 2317 tbi
820 2238 1099 2337 juxtav'otum,
1120 2232 1337 2317 etiamcu'nr'
1350 2255 1488 2336 magna

142 2336 358 2416 reverentia
382 2339 701 2417 condescendebat
721 2358 734 2432 ς
759 2339 938 2441 quamvis*
961 2339 1126 2439 personae
1151 2338 1261 2432 huius
1287 2338 1444 2418 Ordinis
1465 2361 1489 2414 a

60 2486 67 2493 -
143 2437 238 2517 Sede
265 2434 487 2545 Apostolica
511 2437 696 2535 habeant,
722 2442 823 2541 quod
850 2440 984 2542 pollint
1011 2441 1110 2543 apud
1136 2441 1283 2518 Fratres
1311 2435 1485 2518 Praedica-

145 2554 244 2618 torcs
266 2560 330 2638 per
350 2540 567 2620 Sacerdotes
593 2543 638 2619 ad
666 2542 703 2620 id
729 2541 928 2642 deputatos
954 2538 1210 2624 Eectetastica·
1237 2540 1404 2642 recipere
1424 2542 1487 2619 Sa·

143 2657 337 2754 eramenta
358 2690 371 2717 .-
396 2643 496 2719 Item
521 2644 618 2739 apud
644 2644 846 2740 qnamdam
872 2642 1067 2739 fingularic
1094 2642 1250 2722 uirtutis⁴
1276 2641 1489 2722 Dominam

145 2760 189 2816 rrr
212 2739 467 2820 Matrimonio
493 2736 737 2820 constitutam
759 2761 864 2818 tanta
894 2736 1096 2820 assedlione'
1115 2743 1216 2821 inter
1236 2738 1360 2841 viguit
1379 2798 1394 2838 ,
1432 2762 1484 2820 at-

143 2839 346 2940 que'aiget
367 2858 379 2934 ς
404 2839 618 2943 quodcum
641 2840 718 2942 post
738 2833 884 2921 Christi
910 2838 1058 2920 diledlae'
1082 2842 1275 2921 discessum
1303 2862 1416 2921 unam
1445 2842 1486 2920 fi-

146 2940 242 3041 liam
251 2942 432 3041 genuisset
443 2992 458 3038 ,2
481 2941 657 3023 affellans
670 2958 810 3021 nomen
820 2937 965 3022 diledlae
978 2942 1139 3022 Domini
1154 2944 1280 3022 infilia
1292 2942 1420 3042 genita
1432 2943 1488 3021 su·

145 3041 280 3120 scirare·
299 3090 316 3136 ,-
337 3038 480 3129 seilicet
502 3043 668 3140 Maria,
695 3043 793 3122 iliud
819 3039 927 3122 nitra
952 3044 1026 3137 sue
1050 3044 1188 3144 genite
1212 3068 1258 3122 ex
1280 3045 1488 3125 devotione

147 3138 329 3259 imposuit
350 3198 367 3240 ,
389 3145 425 3222 d<
446 3147 549 3249 qnod
570 3143 775 3260 supradieia
802 3146 915 3224 Soror
936 3142 1150 3244 Alirologia
1169 3144 1314 3245 Christi
1341 3143 1490 3247 dileblae

146 3265 285 3347 rntrma
306 3242 404 3323 socia
424 3247 639 3327 efficeretur
662 3265 746 3346 etur
767 3268 978 3327 commater
1004 3247 1167 3325 omnino
1191 3244 1314 3325 voluit
1336 3300 1349 3342 ,
1376 3244 1486 3324 &ita

146 3337 343 3424 obtinuit«
367 3347 468 3424 Item*
487 3349 591 3447 quod
611 3349 693 3447 plus
713 3344 766 3427 est
786 3403 799 3444 ,
822 3349 912 3450 qnia
932 3346 1074 3426 nedum
1095 3346 1273 3448 personia
1286 3345 1451 3427 honestis
1472 3401 1486 3441 ,

147 3445 343 3539 debonis,
365 3447 426 3524 sed
447 3447 564 3526 etiam
583 3448 809 3530 bominibus
828 3449 1030 3529 mundanis
1050 3505 1061 3546 ,
1088 3449 1365 3551 juvenibusque
1382 3446 1489 3526 laici-

147 3548 207 3625 vic
224 3564 307 3625 erat
327 3548 370 3625 in
389 3548 510 3648 gratia
531 3548 680 3650 speciali
704 3572 718 3629 τ’
742 3578 831 3630 nant
851 3570 943 3631 cum
963 3552 1040 3652 ipsa
1060 3549 1233 3631 existeret
1247 3546 1298 3627 ita
1311 3546 1489 3647 juvenilis

146 3649 290 3743 aetatis,
316 3648 353 3726 8<
374 3647 507 3728 forme
526 3654 747 3732 naturaliter
768 3654 959 3752 pulchrae,
986 3653 1023 3732 dr
1046 3651 1214 3753 speciosae
1227 3700 1243 3745 ,·
1267 3649 1392 3728 taliter
1419 3647 1488 3727 fibi
1606 3718 1610 3721 .

143 3748 407 3829 afficiebantur
424 3770 575 3852 propter
588 3753 859 3851 virtuterejm,
884 3751 1064 3856 quodfib‘r
1076 3751 1270 3833 obviando
1281 3774 1346 3857 per
1359 3745 1461 3827 viam
1474 3802 1490 3844 ,s

144 3850 273 3930 eidem
289 3868 506 3931 reverenter
526 3853 736 3949 cedebant,
758 3855 796 3932 dc
814 3874 953 3934 mutuo
972 3858 1170 3957 loquentes
1181 3853 1489 3946 admirabantur,

133 3966 261 4053 ,atque
279 3948 558 4033 aedificabantur
578 3954 628 4033 de
645 3957 976 4132 ‘ambmffid‘sth'
1001 3959 1039 4035 8<
1062 3957 1204 4035 virtute
1228 3955 1268 4032 in·
1289 3972 1396 4032 arare
1410 3972 1489 4029 tarn
1540 4018 1543 4025 .

146 4050 333 4153 juvenili,
354 4053 391 4133 8(
414 4056 505 4134 sexu
523 4054 746 4157 ramtfragiti
866 4058 1036 4136 maxime
1050 4058 1143 4159 ,quia
1164 4053 1286 4137 necin
1300 4051 1490 4147 Ecclesia,

148 4174 220 4234 nec
241 4177 348 4234 extra
367 4157 669 4261 nullusreperiri
697 4156 900 4258 potuillet,
921 4157 989 4257 qui
1014 4159 1092 4254 ejus
1119 4158 1255 4238 faciem
1281 4156 1401 4244 etiam
1424 4151 1491 4230 ali·
1527 4177 1542 4197 ⁸

145 4257 309 4356 qualiter
330 4259 599 4359 conspeleser,
624 4259 684 4338 vel
705 4258 772 4359 qui
793 4283 879 4337 eam
900 4258 1235 4338 lacialiterintueri
1249 4259 1415 4343 valeret.
1440 4252 1492 4331 Et

147 4384 239 4449 cunr
260 4368 461 4462 antequam
483 4361 664 4464 reciperet
686 4359 882 4458 habitum,
909 4356 1493 4459 aliquarpersonarcumquadam

936 4462 1044 4561 Ggg
1096 4487 1120 4536 a
1296 4458 1446 4557 ,displi-
