3800 5342
1363 306 1448 393 371

163 430 325 519 cationis
347 402 953 532 iudesaticabiliterlruquentare‚
971 434 1086 514 'tanto
1104 434 1284 519 audiendi
1309 435 1393 520 illas
1403 467 1512 524 com·

160 536 377 641 pellebatur
402 535 578 630 ardore,
608 532 711 650 quod
736 552 781 611 ut
803 533 931 719 1{ipsset
958 531 1000 615 id
1034 535 1175 618 melius·
1198 564 1264 640 pro
1282 541 1368 645 equi
1401 544 1510 643 juxta

159 658 299 721 votum
324 634 482 721 dimiffis
505 634 735 733 iuvenilibus
753 659 802 734 pe
857 635 953 719 turia
974 660 998 715 a
1017 638 1236 739 parentibus
1254 644 1362 742 quod
1385 667 1511 747 porta·

158 766 204 821 te
226 739 347 842 pollet
369 762 529 842 cappam
554 791 569 834 ,
602 736 644 816 bc
676 733 798 817 vestet
819 738 1036 839 puellarum
1060 739 1307 827 dominarurn
1338 744 1513 835 finaliter

157 841 415 945 impetravit.
441 839 716 923 concurrente
740 838 859 919 etiam
878 840 927 921 ad
958 838 1034 925 hoc
1053 841 1201 923 decerto
1223 844 1270 925 de
1298 845 1397 947 peste
1417 849 1512 931 dua«

158 970 250 1025 turn
275 944 427 1025 suarum
450 966 742 1044 germanarum,
761 940 809 1022 de
831 941 974 1042 quibus
994 942 1037 1021 in
1060 944 1285 1045 pracedeoti
1310 948 1432 1053 capite
1458 949 1514 1035 fae
1610 1039 1619 1049 Ἴ

156 1044 218 1125 bia
243 1044 295 1127 eli
307 1044 483 1142 mentio,
505 1043 671 1125 &unius
692 1045 866 1146 germani
892 1043 1103 1142 tredecim,
1125 1068 1192 1126 aut
1214 1050 1507 1152 quatuordecim

154 1173 344 1229 annorum
368 1145 562 1230 existentis
588 1146 766 1233 circiter,
789 1150 901 1247 Quos
922 1171 1057 1231 omnes
1082 1148 1310 1233 antesecutn
1338 1177 1416 1235 noa
1427 1178 1511 1254 par-1

41 1316 45 1323 ,
153 1272 208 1331 uo
231 1248 329 1331 festo
350 1247 585 1351 pramisttad
608 1247 835 1345 dominum,
859 1250 963 1351 prius
988 1274 1054 1329 me
1077 1248 1178 1331 inter
1203 1250 1300 1333 alios
1326 1252 1421 1333 teste
1441 1280 1509 1335 co·

154 1353 444 1453 operanc'quod
475 1350 758 1448 munirentur,
788 1349 883 1437 stc-ut
918 1353 957 1431 &
982 1349 1127 1433 labium
1161 1352 1214 1432 est
1239 1353 1513 1443 Eccleliafiicic

151 1451 432 1552 Saunnentis,
455 1478 524 1635 per
545 1453 650 1556 quod
673 1452 793 1535 etiam
817 1452 1017 1537 evidenter
1041 1452 1214 1539 innuitur
1238 1456 1412 1558 qualiter,
1426 1455 1511 1561 ipsa

88 1570 96 1578 “
150 1552 335 1636 instindlu
362 1580 457 1659 prop
487 1554 592 1638 etico
615 1577 773 1639 ornatus
793 1555 1014 1643 mundiales
1031 1557 1072 1639 δι
1092 1583 1214 1639 vanos¹
1235 1585 1260 1639 a
1285 1558 1358 1643 tuis
1384 1558 1506 1661 suptu-

153 1656 264 1739 diuis
288 1657 451 1756 caputiis
476 1678 713 1760 amputarat,
737 1682 790 1741 eo
805 1659 918 1760 quod
924 1683 999 1741 nec
1022 1657 1100 1761 ipsa
1110 1685 1187 1741 nec
1208 1684 1396 1760 germana
1417 1684 1513 1761 prae*

150 1758 242 1861 satan
272 1757 385 1840 did'tis
408 1760 570 1861 caputiis
607 1760 656 1843 fic
682 1760 832 1843 ornatis
863 1761 1057 1845 ullatenus
1082 1762 1134 1841 de·
1164 1784 1398 1842 coeternum
1428 1761 1512 1842 lius:

153 1860 427 1962 indiguerunt.
451 1860 535 1943 Post
546 1863 626 1947 h'aec
650 1883 779 1945 autern
803 1881 911 1943 tanto
929 1862 1079 1943 fervore
1100 1862 1279 1963 vigebat,
1303 1888 1379 1965 quo
1407 1866 1515 1945 'oran¹

153 1963 219 2049 nia
244 1964 293 2042 ad
316 1964 494 2043 divinum
520 1966 673 2043 culruna
697 1962 928 2066 pertinentia
949 1962 1241 2069 ferventiffirne,
1265 1965 1306 2047 8(
1329 1961 1514 2044 alfebiuo-¹

152 2062 290 2144 bffitne
313 2067 634 2167 prosequebatur,
657 2063 850 2151 fracesset
874 2064 915 2145 in
928 2065 1123 2163 Ecclelia,
1144 2064 1222 2145 live
1246 2063 1416 2147 indomo
1437 2082 1506 2149 aut

151 2166 297 2268 ubique
322 2166 457 2247 foret.
489 2169 542 2247 Et
569 2167 676 2249 inter
703 2166 782 2251 alin
806 2168 954 2271 [emper
979 2193 1044 2268 per
1081 2188 1208 2247 toturn
1240 2187 1392 2270 ternpus
1416 2192 1506 2284 qun

100 2323 111 2330 -
150 2288 245 2349 tuor
267 2295 486 2367 annorum,
505 2270 545 2353 bi
570 2271 672 2349 ultra
698 2268 772 2370 (ς)
799 2294 849 2353 etc
869 2296 954 2371 quo
977 2271 1065 2355 Deo
1090 2271 1158 2349 suo
1182 2269 1330 2351 servire·
1347 2289 1466 2370 coeptt
1489 2322 1512 2367 ,s

152 2370 443 2474 praedicationes
473 2371 809 2455 indefaticabilirer
845 2371 903 2453 est
924 2374 1087 2453 secuta.
1120 2371 1186 2450 nd.
1215 2397 1314 2473 quas
1347 2370 1502 2455 audien-
1584 2454 1590 2465 ,
1684 2370 1689 2379 ’

147 2473 222 2554 dar
242 2473 286 2552 se
306 2494 516 2577 coaptans,
536 2494 643 2558 tanta
668 2473 707 2555 8c
732 2474 800 2555 tali
822 2474 1060 2571 attentione,
1086 2472 1298 2577 mentisque
1323 2472 1513 2557 aviditate·

156 2573 347 2655 ferebatur
372 2579 422 2655 ad
447 2577 568 2672 illac,
593 2596 638 2656 ut
664 2601 747 2655 non
770 2577 896 2657 solun
920 2576 931 2653 i
962 2579 1020 2659 lac
1040 2576 1236 2657 inhianter
1255 2576 1516 2677 corporaliter·

156 2676 314 2770 audire,
335 2677 401 2754 sed
424 2673 544 2755 etiam
567 2701 660 2758 cum
681 2675 853 2755 mirabili
875 2604 984 2755 auin
1009 2677 1186 2755 interiori
1208 2676 1353 2777 singula
1380 2679 1507 2782 praedi·

149 2774 323 2855 cationis
345 2778 461 2855 verba
487 2803 540 2857 ne
562 2778 661 2856 dum·
683 2776 903 2875 ruminare,
925 2777 990 2856 sed
1014 2776 1242 2893 degustare,
1278 2779 1317 2857 δι
1340 2780 1505 2880 degluti-

151 2902 239 2975 re,
269 2901 316 2957 ac
348 2877 469 2957 etiarn
503 2878 554 2958 ad
583 2877 716 2959 cordia
746 2878 887 2957 intima
913 2898 1178 2959 transmittere·
1209 2903 1304 2959 cum
1336 2880 1504 2978 quodam

152 3005 238 3061 nou
262 3004 385 3081 parvo
407 2980 550 3061 mentia
574 2978 723 3080 iublilo
739 2978 973 3059 videretur„
1004 2978 1056 3057 Et
1080 3005 1171 3059 curn
1199 3001 1305 3081 tanta
1329 2981 1514 3060 instantia·

125 3138 136 3151 κ
180 3081 460 3179 erlevetantia,
481 3106 527 3163 ac
549 3080 748 3183 vigilantia
764 3136 780 3180 ,
798 3081 972 3162 &veluti
996 3082 1184 3165 continue
1205 3082 1369 3183 amplius
1396 3082 1520 3161 verbi
1563 3140 1570 3173 2

199 3182 235 3264 ei
262 3183 522 3282 famelicam,
552 3184 657 3284 qood.
681 3210 763 3264 non
786 3183 960 3265 obstante·
991 3182 1132 3286 quavis
1151 3184 1421 3286 expeuatioue·
1442 3183 1512 3263 vel.

157 3285 439 3393 praedidationia
461 3285 740 3386 praestolatione
762 3312 963 3388 nunquamv
987 3308 1069 3367 tani·
1102 3313 1173 3389 per‘
1194 3288 1364 3388 aliquam
1387 3285 1513 3387 perso·

156 3415 250 3467 narn·
275 3408 340 3469 aut
361 3384 434 3490 per
452 3412 524 3467 me
541 3387 670 3490 potuit
698 3388 870 3491 percipi,
892 3389 957 3469 vel
982 3389 1162 3486 adverti,
1187 3390 1293 3491 quod
1317 3390 1357 3468 in
1379 3385 1514 3488 pradi-¹

154 3490 338 3589 catione,
356 3517 409 3571 ne
433 3489 528 3571 doru
551 3489 738 3573 dormitet
761 3546 775 3588 ,
800 3492 863 3571 sed
890 3516 961 3572 nec
986 3492 1092 3593 quod
1116 3492 1180 3571 vel
1206 3491 1343 3570 leviter
1368 3488 1513 3569 dormi-1

155 3612 288 3693 taret„
306 3613 377 3671 aut
398 3592 504 3692 quod
528 3591 831 3694 predicationem
854 3593 1051 3694 aliquam,
1072 3591 1153 3673 sive
1174 3590 1276 3670 intra
1300 3594 1506 3692 quadrage·

156 3694 290 3774 limam
318 3693 397 3771 five·
419 3714 549 3789 entra,
575 3694 867 3792 quomodolibet
888 3694 1095 3795 praeteriret
1120 3693 1243 3773 etiana
1260 3693 1393 3773 horarn
1417 3716 1512 3792 prae*

151 3793 360 3875 dicationis·
391 3821 465 3896 pro·
487 3794 632 3876 uiribus
654 3795 921 3898 preveniendo·
941 3796 1057 3896 seque
1078 3795 1124 3874 in
1147 3796 1240 3875 loco
1267 3794 1404 3895 aptiori
1436 3809 1518 3875 ant-

152 3897 335 3977 consueto
349 3897 533 3995 locando,
559 3923 634 3977 nec·
655 3922 706 3978 ea
729 3898 863 4000 quavis
876 3896 1062 3999 temporie
1083 3896 1309 3998 intemperie
1331 3895 1369 3970 id
1383 3894 1504 4004 ipsnan

152 3996 470 4100 pretermittendo
492 4057 509 4076 ..
539 3999 651 4100 Quin
688 4001 813 4102 priano
838 4000 963 4080 etiam
995 4000 1199 4099 aliquando
1226 4021 1296 4097 pre·
1324 3992 1511 4075 desiderio

145 4100 264 4180 ualde
302 4099 524 4200 tempestive
562 4100 751 4181 dedomo
788 4102 909 4204 gratia
948 4099 1227 4202 praedicationis
1263 4094 1433 4189 exibat,
1466 4093 1505 4171 8<

152 4198 231 4279 hoc
257 4201 465 4301 praseniaa
489 4223 662 4304 tempore
684 4202 1010 4307 quadragesimae,
1036 4203 1074 4281 8<
1100 4226 1191 4281 cuna
1217 4196 1435 4303 pradicatio
1455 4195 1509 4277 de

303 4338 315 4353 ·
699 4356 706 4367 ·
965 4307 1072 4389 naa
1119 4331 1148 4391 a
1343 4320 1462 4387 nnnc

190 4418 263 4498 (ς)
281 4417 327 4481 Ab
347 4439 426 4485 anno
446 4420 558 4487 christi
574 4422 697 4485 circiter
711 4439 801 4504 ¹395·-
