3800 5342
1293 406 1372 465 201

107 527 272 632 „igitur
293 526 416 629 qnmn'
433 530 597 646 querele
621 531 804 639 miuus
829 530 1061 627 materiam,
1087 527 1112 608 sr
1140 554 1206 631 pro
1232 533 1358 616 nostro
1384 558 1440 613 re·

106 676 133 728 ,4
152 630 283 733 mech
305 632 343 709 dt
361 650 406 709 ut
432 635 637 710 lrberemur
661 644 683 708 'a
709 653 808 710 nona
831 630 1034 724 elationis,
1062 631 1253 712 stimulum
1276 636 1442 735 patimur

107 732 424 835 ,persecutionis
447 733 573 843 etium
589 731 795 811 abintimis
821 731 979 810 nostris?
1006 731 1077 811 His
1098 757 1175 811 uon
1189 758 1255 833 pro
1283 734 1339 812 tui
1362 760 1440 814 mo·

112 884 136 928 ,‚
161 831 333 926 uitione,
352 854 457 932 ·qua‚
482 854 523 911 ut
533 832 944 933 spero,-nouindiges,
971 830 1031 908 sed
1043 856 1111 931 pro
1122 836 1440 914 rememoratione

111 982 135 1028 „
158 929 206 1009 src
233 932 535 1011 exabundantia
561 933 684 1012 cordis
710 932 888 1033 prolatu,
914 930 1030 1009 venio
1056 933 1101 1008 ad
1129 933 1307 1032 praticam
1334 960 1450 1035 agen,

110 1084 135 1128 „
158 1031 314 1111 dorurn.
332 1030 446 1111 Sicut
473 1057 545 1135 ego
572 1037 689 1113 verbo
714 1032 794 1113 dixi
821 1032 921 1110 didio
943 1033 989 1109 F.
1016 1031 1206 1130 Iohanni,
1232 1036 1341 1123 nullo
1366 1060 1451 1113 mo-

110 1183 135 1228 „
157 1130 208 1211 do
231 1132 644 1233 mutividuur,·quod
668 1134 743 1236 ipse
763 1133 901 1212 deserat
916 1157 982 1232 pru
1008 1157 1109 1212 nunc
1136 1135 1328 1234 proprium
1338 1137 1447 1214 Con·

111 1280 136 1329 n
159 1254 360 1329 ventum,
395 1253 461 1313 aut
488 1235 674 1335 propriam
701 1234 941 1329 Civitatem,
967 1233 1057 1332 quia
1084 1233 1182 1312 nihii
1220 1235 1323 1313 aliud
1359 1237 1452 1333 esset,
1546 1278 1553 1289 «
1604 1282 1607 1291 1

114 1384 139 1428 „
162 1356 278 1433 quam
292 1332 509 1437 exemplum
521 1337 609 1414 (iure
620 1334 857 1414 mortiferum
869 1336 1037 1428 caterio,
1061 1334 1099 1412 8<
1117 1334 1283 1414 sandiunr
1296 1360 1450 1436 gregem

111 1482 136 1528 ,‚
160 1432 613 1515 collediumtexterminii
648 1435 818 1536 periculo
844 1434 953 1513 totali
986 1457 1202 1533 exponere.
1238 1438 1357 1515 Ducit
1385 1461 1447 1514 me
1517 1514 1520 1519 ⁴

112 1532 282 1629 „etiarn
308 1536 355 1613 ed
381 1534 455 1613 hoc
481 1534 621 1615 studius
641 1537 880 1630 animarum,
905 1560 1197 1636 quempereum
1208 1536 1385 1636 dignatur
1396 1536 1446 1614 fa·

111 1674 137 1729 5,
160 1656 247 1712 cere
270 1633 405 1715 affidue
417 1637 634 1730 Dominus,
661 1660 794 1717 verurn
816 1635 1291 1736 desuperioratusofficiO,
1318 1659 1359 1715 ut
1381 1660 1448 1716 cot

111 1756 294 1831 ,marna
318 1736 483 1835 aperiam
504 1738 753 1837 ,umnpatior
778 1736 844 1816 subi
866 1782 882 1832 ,κ
915 1734 1103 1837 pmiffime
1128 1737 1217 1837 quia
1245 1737 1449 1838 impeditur

110 1882 136 1929 „
159 1858 226 1934 pet
252 1833 349 1913 illud
373 1837 544 1916 officiunt
566 1837 721 1916 afrudiu
746 1837 959 1943 animarum
985 1837 1181 1935 jamdibio.
1208 1839 1279 1916 Sed
1300 1840 1449 1919 rursum

110 1980 138 2032 „
159 1934 516 2036 etiamoompatior
540 1938 613 2017 tibi
638 1992 652 2032 ,
677 1938 767 2040 quia
793 1939 925 2033 novi,
961 1959 1000 2017 te
1027 1964 1104 2017 non
1132 1938 1272 2018 habere
1297 1940 1449 2040 copiam
1547 1940 1551 1947 ’

115 2082 142 2128 „
166 2033 331 2132 talium,
353 2060 450 2138 quoe
470 2038 704 2117 confidenter
717 2062 906 2139 praeponas
917 2038 1095 2137 regimini
1116 2038 1301 2116 aliorum.
1333 2039 1448 2117 Nihil

53 2219 75 2231 ,.
109 2183 136 2230 ς,
157 2159 253 2237 ergo
277 2135 412 2234 restat,
435 2137 506 2217 nist
531 2140 634 2240 quod
659 2139 871 2239 relinquam
899 2160 935 2217 te
963 2139 1058 2234 tibi,
1082 2137 1221 2238 &quid
1249 2138 1291 2216 fit
1314 2138 1354 2217 in
1376 2139 1452 2217 hoc

109 2286 135 2333 „
158 2237 318 2338 negotio
342 2239 555 2338 agendum,
582 2260 625 2318 tu
652 2238 820 2336 videris,
871 2240 909 2317 ui
931 2239 1069 2318 melius
1091 2237 1184 2317 nosti
1201 2237 1449 2354 particularia

110 2386 136 2431 „
158 2337 297 2417 cundia
329 2339 455 2455 gregia
481 2340 553 2419 ribi
590 2339 776 2421 commisti
801 2394 817 2435 ‚
843 2264 888 2419 (8(
913 2341 1015 2425 zelas
1051 2364 1119 2439 pro
1157 2339 1450 2437 uniuscujusque

114 2487 140 2531 „
164 2439 268 2517 bono
301 2496 312 2516 .
350 2438 456 2517 Mihi
481 2465 586 2521 ‘vero
628 2440 816 2542 quidquid
849 2440 936 2519 iude
973 2440 1147 2533 seceris,
1192 2439 1264 2519 erit
1301 2436 1453 2539 gratissi·

110 2588 135 2631 „
159 2562 289 2619 mum.
317 2539 511 2621 Ceterum
537 2567 585 2622 ne
610 2543 794 2622 adventus
820 2540 911 2620 dieti
940 2542 979 2619 F.
991 2540 1175 2641 Johannis
1202 2565 1342 2622 vacuus
1364 2539 1454 2619 effer

110 2664 185 2733 „a
209 2637 364 2735 frusto,
391 2642 506 2721 mitto
532 2642 604 2720 tibi
631 2643 780 2722 literam
809 2667 923 2720 unam
949 2642 1219 2720 medicinalem·
1244 2661 1453 2741 ungentem

111 2789 137 2833 „
162 2739 325 2839 pariter,
349 2741 633 2840 &purgantem
660 2767 728 2840 pro
749 2743 918 2822 remedio
939 2741 1160 2819 insidiarum
1184 2741 1352 2821 filiorum
1366 2742 1451 2821 Fra·

109 2891 136 2934 „
162 2861 292 2933 trum,
318 2859 360 2918 ut
386 2842 529 2939 aliquid
554 2843 601 2919 de
628 2841 723 2919 suria
750 2841 1005 2942 proferamus,
1030 2843 1095 2939 qui
1124 2865 1197 2918 nec
1221 2841 1286 2939 ipfi
1314 2842 1454 2921 volunt

108 2988 136 3035 „
160 2936 330 3033 intrare,
355 2964 426 3018 nec
451 2939 546 3020 alios
571 2940 798 3042 permittunt
824 2965 890 3041 per
916 2938 1019 3017 viam
1047 2939 1189 3039 regiam
1215 2939 1453 3037 ambulare,

69 3118 73 3129 ,
112 3062 278 3139 „mm
304 3039 414 3118 nullo
440 3042 555 3118 modo
581 3039 714 3120 timeas
741 3043 927 3142 pandere,
954 3040 1015 3119 sed
1039 3037 1456 3138 monesubditostuos,

112 3190 139 3234 „
163 3139 386 3219 ne‘audednt
397 3141 737 3240 cogitare,uedum
750 3144 1003 3241 agerecoutr'a
1016 3144 1186 3219 tenorem
1200 3139 1317 3218 litera
1329 3139 1457 3239 supra·

114 3288 139 3334 „
164 3238 282 3323 distar-
294 3238 1225 3343 Egoauteorquemcunrqueinvenerooppofitum
1237 3238 1456 3337 facientem,

114 3390 144 3434 „
167 3339 427 3421 indubitanter
438 3364 589 3438 teneas,
605 3343 707 3444 quod
719 3341 846 3421 taliter
857 3341 1036 3521 puniam,
1061 3343 1163 3443 quod
1174 3341 1246 3421 erit
1264 3341 1335 3420 toti
1348 3339 1461 3419 Ordi-

121 3490 148 3533 „
173 3439 213 3519 ni
240 3438 546 3543 inexemplum.
571 3442 764 3522 Postremo
790 3468 854 3522 rnu
874 3466 911 3521 ta
928 3463 1056 3522 tecum
1079 3444 1255 3522 haberem
1269 3441 1463 3536 conferre,

116 3589 144 3634 „
170 3540 369 3642 dequibus
395 3570 474 3623 uun
499 3540 553 3625 est
578 3544 694 3624 modo
715 3543 955 3625 scribendum
976 3602 979 3613 .
1029 3569 1048 3623 r
1073 3542 1235 3644 singula:
1262 3543 1323 3624 sed
1349 3541 1461 3642 F.Jo·

118 3692 145 3735 „
169 3641 314 3724 hanuet
337 3644 468 3744 sapius
504 3645 725 3725 nominatus
762 3646 860 3725 lator
897 3670 938 3746 pr
987 3643 1134 3724 entium
1172 3643 1242 3722 ribi
1280 3661 1459 3722 oretenus

118 3788 146 3834 „
162 3742 293 3843 aliqua
318 3745 548 3842 declarabit,
573 3746 637 3826 cui
664 3745 764 3840 scio,
788 3747 1030 3846 quod.fidem
1058 3743 1263 3847 prestabis.
1291 3744 1387 3821 Vale
1415 3742 1457 3823 in

119 3890 144 3935 η
169 3844 343 3925 Domino
368 3846 483 3945 Jesu,
504 3871 618 3948 quem
645 3847 744 3926 orari
772 3844 918 3940 facies,
944 3847 982 3925 dr
1007 3871 1114 3926 orare
1142 3872 1220 3925 non
1246 3845 1357 3925 cesses
1378 3895 1392 3936 ,
1417 3840 1457 3920 dt

119 3993 145 4037 „
168 3969 249 4045 quo
276 3947 389 4024 corde
415 3948 573 4048 concepi
599 3948 644 4025 ad
672 3946 939 4047 persediouem
968 3948 1044 4046 ipse
1072 3947 1252 4027 deducat.
1278 3941 1457 4022 Dareo

120 4092 147 4137 „
169 4045 285 4125 lunia
309 4046 371 4123 die
400 4076 458 4143 27.
485 4047 619 4128 mensu
640 4049 890 4149 Septembris.
915 4050 943 4091 “
971 4039 1460 4157 ltemadhucrecepitalias

123 4166 185 4243 per
208 4148 387 4226 eumdem
415 4149 778 4230 Reverendiffimum
805 4148 1033 4250 Magistrum
1061 4144 1357 4258 Ordinis,·alus·
1374 4142 1460 4219 Fra-

123 4245 242 4329 tribus
268 4247 424 4328 diredias
451 4249 537 4329 talis
563 4250 724 4345 tenoris,
750 4250 961 4331 videlicet:
988 4252 1015 4294 ‘⁶
1042 4252 1085 4326 In
1101 4248 1173 4324 Dei
1202 4242 1460 4323 filrosrbrtha·

124 4390 150 4443 5,
174 4347 322 4428 riffimis
361 4352 554 4433 Fratribus
573 4388 602 4451 ,·
623 4351 804 4433 universis
826 4405 838 4448 ,
863 4352 902 4430 8<
928 4350 1082 4450 lingulis
1118 4343 1362 4427 residentibus
1390 4364 1463 4441 pto.

219 4456 326 4533 Tum.
348 4457 425 4530 VII.
471 4502 476 4508 ·
579 4476 582 4479 ·
930 4449 1003 4530 Cc
1249 4465 1413 4546 „nunc,
