3800 5342
479 357 536 436 92

421 476 610 583 pradidio.
637 479 709 559 Sed
734 495 884 557 tenores
909 473 1094 556 <libiarum
1117 474 1312 555 literarum
1325 473 1667 557 dimittuntuttum
1678 501 1787 578 gra·

420 584 474 663 tia
502 580 719 673 brevitatis,
746 599 830 658 tum
855 578 945 678 quia
972 602 1050 656 noo
1077 598 1262 656 venerunt
1288 579 1335 655 ad
1362 601 1519 673 manus,
1544 602 1615 659 nec
1640 578 1781 658 habe·

417 708 451 762 rr
513 700 703 760 ruerunt.

420 872 425 877 ,
471 708 569 862 [ptem
649 779 696 858 alr
723 778 823 859 circa
848 775 964 857 finem
993 775 1136 856 Menfis
1164 776 1389 857 Decembris
1416 778 1541 879 recepi
1568 802 1681 857 unam
1717 779 1778 859 li·

417 902 536 964 teram
564 907 586 957 a
644 877 843 959 rovinciali
866 880 1078 973 Romano,
1112 878 1323 978 peripsum
1350 879 1523 979 scriptam
1551 878 1778 961 Florentia

399 982 479 1063 ‚die
507 977 786 1080 decimaodlava
811 976 901 1056 dieti
931 976 1107 1070 Mentis,
1134 979 1274 1079 inqua
1300 976 1349 1056 sic
1371 1005 1380 1055 :
1416 978 1641 1059 Charillime
1668 982 1777 1059 Fra-

417 1101 477 1163 ter
503 1079 582 1181 poss
607 1080 677 1160 &o
702 1079 844 1180 Recepi
871 1076 968 1157 insta
994 1100 1068 1158 tres
1093 1079 1173 1156 dies
1198 1081 1289 1158 duas
1315 1077 1443 1157 literas
1464 1078 1598 1159 veslras
1623 1080 1692 1161 &n
1724 1082 1777 1161 uc

417 1181 491 1263 seci
517 1183 591 1279 jam
619 1201 763 1281 partem
789 1204 947 1274 eorum,
973 1204 1055 1278 quae
1081 1178 1263 1259 scribitis.
1290 1178 1423 1280 Scripsr
1450 1178 1552 1257 enirn
1582 1179 1650 1274 jam
1667 1182 1778 1262 Pro·

419 1282 587 1365 curatori
613 1280 802 1383 Ordinis,
837 1278 1006 1380 rogando
1032 1279 1187 1379 ipsum,
1222 1280 1324 1380 quod
1352 1302 1525 1380 procuret
1553 1282 1775 1379 perducere

417 1382 465 1461 ad
491 1382 606 1461 finem
634 1407 712 1477 ea,
736 1407 819 1483 qua
846 1378 988 1480 incepit
1014 1379 1115 1459 circa
1139 1380 1469 1460 confirmationem
1497 1380 1622 1465 Status
1647 1383 1774 1461 tertii

416 1482 574 1563 Ordinis
601 1483 642 1561 B.
664 1481 891 1579 Dominici,
916 1481 955 1561 &
980 1481 1183 1561 efficaciter
1209 1480 1276 1559 srbi
1303 1479 1428 1578 scripsi
1453 1480 1561 1580 super
1589 1480 1685 1577 boc,
1716 1482 1769 1563 &

416 1583 550 1683 rogavi
575 1608 690 1679 eum,
714 1584 817 1685 quod
842 1578 953 1661 vobis
973 1583 1183 1677 scriberet,
1218 1582 1255 1659 dr
1280 1581 1465 1667 advilaret
1492 1606 1583 1676 vos,
1609 1580 1770 1682 siquid

418 1706 484 1782 per
510 1710 579 1767 vos
612 1685 700 1783 esset
728 1684 928 1763 siendum.
966 1681 1123 1761 Ollendi
1160 1681 1276 1761 etiam
1314 1683 1441 1762 literas
1468 1680 1602 1762 vestras
1628 1683 1769 1763 Fratri

415 1784 587 1886 Johanni
611 1783 837 1881 Dominici,
860 1805 903 1863 ut
930 1783 1018 1884 ipse,
1033 1783 1157 1861 videat
1184 1808 1263 1878 ea,
1286 1807 1369 1881 qua
1395 1781 1582 1876 scribitis,
1605 1783 1670 1881 qui
1697 1785 1773 1861 di-

417 1884 510 1981 xit,
543 1887 646 1987 quod
671 1886 824 1966 nolebat
851 1885 1011 1965 scribere
1037 1887 1083 1963 de
1110 1882 1208 1961 diua
1235 1883 1391 1963 materia
1420 1885 1525 1981 Papa
1545 1936 1560 1978 ,
1583 1883 1621 1961 8ι
1645 1886 1767 1982 quod

416 1983 606 2086 scripserat
633 1987 767 2084 vobis,
792 1988 919 2087 quod,
943 1985 970 2085 sr
997 1985 1102 2066 iretis
1128 1987 1320 2081 Romam,
1342 1984 1406 2075 vel
1431 1983 1645 2063 mitteretur
1672 1985 1768 2065 Do-

403 2085 543 2166 minus
569 2088 760 2171 Antonius
786 2086 1038 2188 Superantio,
1064 2088 1232 2185 sperabat
1259 2084 1454 2181 firmiter,
1478 2086 1580 2185 quod
1604 2084 1769 2164 obtine·

411 2186 526 2287 retis,
550 2213 633 2288 qua
661 2188 809 2284 voltis,
844 2187 935 2288 quia
961 2187 1155 2275 Dominus
1182 2189 1279 2285 Papa
1307 2186 1555 2271 inclinaretur
1580 2184 1626 2261 ad
1651 2186 1766 2285 aspe-

412 2283 517 2366 sium
544 2288 779 2389 petentium.
805 2288 864 2365 Ex
888 2314 967 2388 quo
992 2308 1120 2366 autem
1149 2312 1217 2365 vos
1234 2284 1668 2387 scripsrslisProctttatori
1679 2289 1766 2365 Or·

410 2385 550 2482 diois,
573 2389 610 2467 8<
636 2412 708 2567 efio
734 2387 850 2467 etiam
877 2384 1038 2487 scripsi,
1071 2386 1312 2488 expectemus
1339 2386 1613 2493 responsionem
1638 2384 1721 2482 ejus
1747 2443 1767 2483 ‚

439 2484 502 2565 uit
529 2512 607 2565 non
634 2514 654 2566 e
713 2514 815 2567 nunc
842 2508 991 2590 tempus
1016 2512 1084 2588 pro
1111 2487 1220 2566 vobis
1245 2508 1375 2588 aptum
1402 2487 1449 2566 ad
1469 2487 1765 2567 discurrendum

451 2610 484 2665 c.
520 2586 657 2683 deinde
693 2609 854 2689 narrat,
889 2610 1040 2703 quanta
1065 2586 1133 2668 fibi
1160 2586 1202 2667 stt
1228 2589 1429 2689 gravitatis,
1453 2586 1768 2667 Provinciaiattts

280 2768 290 2781 ,
414 2684 623 2802 officium,
659 2688 832 2792 &plura
867 2689 943 2779 alra
977 2689 1199 2791 dequibus
1234 2689 1442 2771 dimittitur
1477 2687 1595 2792 gratia
1632 2687 1782 2782 brevia

412 2804 524 2868 tatis·
1270 2850 1274 2859 .
1427 2838 1429 2843 -

456 2889 750 2993 consequenter
785 2893 832 2977 de
858 2892 1180 2994 menseJanuarii
1218 2894 1358 2983 iterum
1393 2886 1532 2995 scripit
1558 2886 1765 2972 Dominus

406 2986 614 3105 Episcopum
641 2995 870 3074 Vicentinus
907 2994 1117 3096 supradislo
1154 2996 1329 3078 Domino
1352 2995 1521 3113 Johanoi
1556 2995 1604 3073 de
1628 2992 1760 3105 uoto

407 3115 474 3171 nra
499 3093 619 3207 super·
633 3097 811 3175 materia.
838 3096 963 3192 Cuius
989 3117 1098 3176 tenor
1123 3097 1195 3176 esi:
1224 3099 1391 3199 Egregro
1410 3096 1485 3193 ,dt
1515 3091 1654 3193 losrgni
1682 3091 1761 3206 V.¹‘

407 3193 867 3294 10,DomtnoJohanni
893 3199 938 3275 de
967 3197 1175 3294 Bononia,
1198 3198 1422 3279 honorando
1449 3195 1572 3277 Fratri
1599 3188 1760 3274 Charis·

408 3288 533 3407 fimo.
560 3292 759 3395 Egregie,
783 3296 820 3376 8<
847 3296 1008 3397 Insignis
1033 3296 1164 3378 Frater
1192 3299 1443 3379 honorande.
1467 3295 1651 3388 Recolo,
1687 3316 1758 3408 ῳε

405 3393 555 3490 podem
580 3396 692 3475 vobis
717 3394 887 3497 scripsisse
912 3399 959 3477 ad
986 3400 1202 3495 instantiam
1217 3399 1534 3483 FrarrisTbutuu
1560 3395 1759 3491 deman,

406 3492 634 3608 dgaliornrn
660 3498 833 3581 Fratrum
863 3499 1156 3583 l'raetlicatorum
1194 3501 1307 3599 buius
1331 3499 1525 3589 Civitatis·
1552 3498 1600 3577 de
1627 3497 1758 3575 Vene-

405 3612 489 3693 tus,
516 3595 582 3674 ubi
609 3623 678 3697 pro
704 3625 805 3679 nunc
833 3602 983 3696 sumus,
1010 3602 1117 3702 super
1144 3604 1299 3702 negotio
1325 3602 1420 3697 illo,
1445 3599 1758 3701 quodspsoeuffi‘

403 3714 467 3773 tut
490 3694 592 3776 circa
619 3697 793 3797 Statum,
819 3700 856 3780 8<
883 3704 1041 3780 modum
1070 3704 1226 3782 vivendi
1255 3705 1428 3781 Fratrum
1457 3704 1502 3777 de
1517 3697 1757 3781 renitentia

404 3795 446 3895 B.
475 3798 695 3895 Dominici,
720 3803 765 3881 de
791 3828 868 3902 quo
893 3803 1055 3887 asserunt
1082 3826 1151 3891 vos
1178 3802 1385 3904 plenissime
1412 3799 1690 3890 informatuma
1714 3798 1754 3876 8c

403 3900 492 3998 quia
520 3901 718 4000 negotium
745 3903 841 3981 illud
869 3904 1037 3982 nondum
1064 3905 1213 3983 exitum
1240 3904 1398 3999 habuit,
1426 3903 1564 3979 iterato
1589 3899 1757 3983 charita·

403 4021 483 4114 tem
511 4001 686 4095 Vestram
712 4004 929 4102 deprecor,
954 4027 995 4081 ut
1024 4032 1091 4106 pro
1120 4004 1266 4085 viribus
1293 4007 1436 4104 placeat
1458 4001 1671 4093 sollicitare
1699 4021 1759 4081 te·

401 4099 515 4199 lrcer,
539 4105 643 4202 quod
668 4126 847 4205 optatum
881 4103 1104 4189 defiderium
1131 4105 1310 4186 celeriter
1336 4105 1617 4203 consequatur·
1656 4102 1754 4179 Vale

402 4199 450 4285 ad
476 4223 586 4297 vota.
614 4205 761 4289 Datum
790 4205 965 4299 Venetiis
993 4206 1055 4285 die
1077 4206 1361 4301 ,decimaodlava
1373 4205 1544 4305 ianuarii
1555 4231 1669 4302 21405.
1695 4202 1757 4300 Jo·

400 4298 543 4389 harnes
569 4302 780 4408 Episcopus
817 4303 1067 4391 vicentinus.
1168 4308 1259 4408 Qui,
1274 4308 1485 4408 Episcopus
1508 4305 1637 4482 etiarn·
1653 4301 1756 4391 ditio

531 4466 535 4477 .
981 4437 984 4441 ’
1632 4430 1703 4483 em·
