3800 5342
123 290 219 311 ψ’

1357 388 1434 471 123

146 508 286 591 ruisset
313 533 380 588 nos
407 508 573 609 incipere
598 533 619 586 a
646 504 807 609 capite:
842 502 925 586 Nos
949 524 1077 584 autem
1114 527 1204 589 tunc
1233 510 1391 610 probare
1418 530 1497 591 nott
1574 498 1578 521 ¹

205 612 427 709 tuisscmus,
454 610 522 688 nist
550 634 612 710 per
639 611 756 688 libros
769 608 934 704 nostros,
950 610 1091 708 'quales
1110 608 1319 707 habemus,
1339 612 1405 712 qui
1419 634 1499 689 nort
1599 616 1606 629 ’

146 636 326 792 iniereat
352 711 466 790 fidem
494 712 531 788 in
559 710 814 790 Canceilaria.
845 709 895 786 Et
922 708 1010 787 dico
1036 709 1183 804 vobis,
1219 715 1323 812 quod
1346 734 1500 813 propter

147 814 264 892 istam
301 815 450 893 caur'am
479 813 706 907 Dominae,
740 811 835 890 olim
864 809 1080 889 Patriarcba
1104 811 1494 911 Constantinopolita-

53 914 61 923 '
145 941 252 1011 nuc,
280 915 395 993 bodie
420 913 668 1007 CardinaliS,
702 913 763 992 cui
792 910 1026 990 'examinatio
1053 911 1199 1009 negotii
1225 913 1297 992 suit
1324 912 1501 992 commis-

145 1016 207 1111 sa,
236 1040 436 1114 nunquam
463 1016 587 1092 voluit
615 1013 884 1114 facere-quoad
913 1012 986 1091 hoc
1015 1011 1240 1091 relationem
1266 1016 1396 1114 Papae3
1422 1013 1500 1091 stuc
1603 1045 1613 1059 *

150 1140 237 1195 nort
264 1118 431 1210 faceret,
454 1115 543 1216 quia
569 1115 635 1194 fibi
664 1115 736 1194 hoc
765 1140 841 1193 non
871 1115 965 1192 bene
991 1114 1245 1208 authentice,
1273 1138 1384 1214 prout
1411 1113 1502 1192 talie

148 1220 263 1296 casus
289 1218 357 1294 suo
385 1217 523 1312 judicio
560 1216 812 1316 requirebat,
847 1216 1041 1303 constabat
1068 1272 1078 1291 .
1106 1215 1157 1292 Et
1184 1216 1268 1294 ideo
1296 1241 1368 1314 ego
1395 1240 1496 1313 amo·

149 1318 190 1396 vi
219 1319 272 1394 de
301 1318 573 1418 supplicatione
600 1318 707 1396 illam
732 1317 955 1418 particulam
968 1315 1175 1397 stmulcum
1189 1316 1378 1416 aliquibus
1389 1314 1501 1409 aliis,

145 1440 233 1597 qua:
262 1420 542 1499 difficultabant
570 1420 798 1518 negotium.
834 1417 884 1495 Et
913 1417 938 1496 st
966 1416 1117 1496 velletis
1141 1417 1299 1513 dicere,
1324 1418 1425 1517 quod
1454 1415 1496 1495 itt

187 1519 467 1598 onfirmatione
486 1521 640 1598 iliorum
661 1522 707 1598 de
734 1520 848 1598 tertio
868 1519 1014 1597 Ordine
1039 1519 1076 1595 S.
1097 1518 1285 1598 francisci
1313 1519 1500 1611 habetur,

144 1620 253 1721 quod
282 1621 495 1699 habuerunt
523 1621 719 1699 exordium
747 1624 795 1699 ab
821 1619 900 1719 ipso
926 1646 939 1712 ς
967 1620 1195 1718 responden,
1218 1620 1321 1720 quod
1347 1620 1495 1715 hocpo·
1615 1702 1616 1705 p

145 1720 224 1799 tuit
252 1723 479 1821 contingere
504 1744 552 1800 ert
579 1748 652 1800 una
678 1724 724 1800 de
751 1721 871 1800 tribus
896 1719 1043 1817 caufis,
1068 1746 1227 1822 quarum
1254 1721 1360 1799 nulla
1386 1720 1498 1799 nobie

145 1821 421 1922 competebat.
446 1823 658 1923 Etprimo,
680 1820 875 1922 quiaiorte
903 1821 1092 1900 habebant
1105 1821 1317 1922 scripturae
1339 1823 1418 1901 suas
1430 1846 1496 1922 pu·

143 1921 292 2016 blicat,
318 1922 605 2003 &authenticas
616 1924 737 2024 magis
756 1924 797 2001 in
818 1946 1021 2022 promptu,
1045 1948 1159 2022 quam
1182 1949 1283 2003 nune
1307 1923 1370 2000 hic
1397 1948 1491 2024 ego.

149 2022 360 2119 Secundo,
381 2027 470 2123 quia
497 2048 668 2125 tempore
693 2023 995 2105 confirmationis
1021 2023 1129 2101 dicia
1149 2024 1308 2123 Regula
1327 2023 1493 2128 ipsorum

148 2124 311 2224 negotiu
331 2148 434 2203 etant
455 2127 576 2225 magis
594 2118 785 2220 recentia,
809 2126 846 2202 δε
869 2123 1039 2223 magisin
1052 2125 1237 2202 memoria
1265 2125 1490 2221 bominum,

147 2244 266 2401 quam
291 2226 404 2303 modo
426 2226 518 2304 fint.
546 2226 682 2304 Tertio
703 2225 792 2325 quia
814 2228 942 2325 Papa,
968 2223 1033 2324 qui
1056 2225 1167 2303 illum
1188 2224 1374 2305 Ordinem
1401 2249 1492 2303 con·

185 2327 353 2420 rmavit,
372 2327 442 2404 suit
464 2328 665 2405 deOrdine
678 2328 848 2405 fratrum
864 2325 1091 2420 tainorum,
1109 2324 1173 2404 cui
1194 2352 1273 2405 non
1293 2325 1495 2427 oportuit,

171 2427 251 2503 uod
279 2427 690 2528 fierentprobationes,
709 2430 799 2529 quia
812 2428 922 2528 perse
934 2425 1096 2507 sciebat.
1120 2428 1170 2506 Et
1182 2447 1322 2529 quarto
1356 2426 1417 2504 uia
1443 2424 1487 2504 itt

186 2528 789 2609 anceliarianonerunteditaetot
803 2529 987 2628 Regula,
1007 2527 1251 2607 ficutmodo.-
1273 2452 1412 2607 Eritne
1437 2526 1488 2607 de
1538 2564 1542 2567 Δ

138 2626 297 2724 primo.
322 2630 382 2707 Ad
409 2631 637 2709 secundumz·
658 2628 814 2729 quando
835 2630 990 2723 dicirit,
1010 2630 1115 2730 quod
1138 2630 1179 2707 in
1206 2631 1315 2708 Bulla
1341 2627 1401 2707 itti
1426 2652 1490 2744 ap-

136 2727 341 2825 pettancur
363 2730 412 2807 de
436 2731 586 2809 Ordine
609 2730 900 2808 Pradicarorum
918 2757 937 2821 ς.
958 2729 1116 2825 Sciatis,
1141 2733 1245 2831 quod
1269 2728 1487 2832 principali·
1603 2818 1606 2829 1

134 2846 200 2902 ter
229 2829 307 2906 boc
331 2827 496 2906 occurrit
524 2850 574 2907 etc
597 2854 726 2905 errore
744 2828 1103 2921 vice-cancellarii,
1124 2830 1193 2928 qui
1217 2829 1375 2908 credidit
1397 2855 1490 2909 con«

103 2994 109 3005 ,
135 2924 276 3021 tinue,
301 2928 427 3028 quod,
453 2928 541 3028 quia
567 2928 625 3004 itii
653 2930 890 3028 appellantur
915 2928 964 3005 de
990 2925 1220 3007 Poenitenria
1246 2930 1286 3006 tt.
1305 2929 1485 3008 Domini·

135 3025 199 3121 ci,
226 3031 332 3126 quod
358 3028 417 3106 isti
442 3031 557 3108 errent
585 3030 733 3108 Fratres
758 3025 910 3123 nostri,
932 3027 1072 3107 melius
1095 3028 1181 3108 aliis
1207 3026 1394 3107 Ordinem
1415 3031 1483 3107 ser·

136 3129 419 3223 vantet,-s1cut
444 3130 486 3207 in
514 3129 685 3234 Veneriis
710 3130 783 3208 &o
807 3128 844 3209 8<
872 3128 958 3207 ideo
985 3155 1062 3207 non
1085 3127 1275 3230 permifit,
1296 3130 1401 3229 quod.
1420 3152 1484 3207 cx·

137 3226 337 3328 pediretur
359 3232 430 3309 sub
455 3230 535 3310 alio
559 3233 771 3310 vocabulo.
797 3231 885 3331 Ego
906 3252 1039 3310 autem
1063 3257 1140 3310 non
1169 3228 1483 3310 muitumcuravi

137 3333 514 3430 proprerrationcs,
577 3358 645 3412 uas
667 3356 740 3410 voc
761 3331 971 3432 allegatis,
1004 3330 1182 3411 videlicet
1203 3386 1217 3428 ,
1242 3332 1333 3433 quia
1359 3328 1485 3412 statim

137 3428 333 3537 subiungit
355 3458 369 3510 τ
390 3432 458 3532 qui
483 3358 639 3533 quidem
665 3434 837 3525 Fratres,
861 3432 898 3512 dt
924 3434 1080 3512 Sorores
1104 3435 1155 3512 de
1179 3432 1412 3513 Poenitentia
1435 3432 1482 3513 Β,

139 3527 343 3642 βοωίῃίεἱ
358 3558 662 3633 nuncupantur,
683 3533 721 3612 δι
747 3531 865 3617 eriam
889 3534 1092 3612 denotatur
1118 3532 1239 3634 magis
1264 3530 1372 3613 firma
1398 3535 1482 3614 sub

143 3626 257 3723 tedio
278 3635 330 3713 ad
352 3635 540 3712 Ordinem
564 3635 733 3714 nostrum
752 3662 765 3713 t⁴
798 3635 835 3713 8t
860 3634 951 3734 quia
975 3636 1250 3735 consequenter
1274 3634 1392 3736 potest
1419 3660 1482 3736 ap·

186 3754 293 3828 rere,
316 3732 416 3833 ipsos
438 3736 630 3839 originem
656 3735 824 3815 habuisse
846 3762 868 3812 a
894 3735 938 3813 tt
963 3732 1207 3834 Dominico,
1232 3735 1324 3818 ficut
1349 3737 1387 3816 8<
1412 3733 1481 3837 ipsi
1528 3820 1534 3831 ‚

102 3871 105 3879 ι
155 3852 288 3936 ¹ratres
313 3835 598 3917 Pradicntores,
621 3839 685 3916 Ad
709 3837 887 3915 tertium:
912 3838 1066 3937 quando
1087 3837 1277 3939 queritis,
1302 3863 1351 3915 art
1372 3836 1482 4013 vige·

136 3950 182 4008 re
201 3931 310 4013 istius
334 3937 530 4039 Privssegii
557 3941 722 4039 persona
752 3936 860 4017 istius
882 3938 1041 4017 Ordinis
1064 3942 1207 4041 absque
1231 3936 1385 4018 licentia
1441 3962 1478 4016 a·

138 4031 412 4117 rochianorum
436 4041 590 4119 suorum
666 4036 751 4118 ffi'nt
776 4038 946 4143 recipere
968 4065 993 4117 a
1017 4040 1131 4120 nobis
1153 4037 1397 4118 ecclestastica
1416 4036 1479 4116 Sa-

139 4156 364 4236 cramenta,
384 4136 585 4220 videlicet:
657 4163 898 4222 crementum
922 4138 1285 4242 CorporisChristi:
1312 4139 1478 4238 Respon-

142 4234 239 4334 dto,
259 4243 363 4343 quod
388 4266 491 4322 non.
514 4243 566 4322 Et
592 4240 714 4340 ratio,
735 4268 851 4345 quatu
879 4238 1249 4339 tosconuafacitit,
1271 4239 1481 4336 videlicet,

962 4345 1078 4444 Q)
1211 4384 1213 4386 ·
1380 4340 1429 4418 de
