3800 5342
1300 394 1395 489 sr7·

113 536 144 618 ii
169 555 285 615 unam
309 532 441 616 rosam·
457 530 583 618 albam
622 521 917 640 pulcherrimam
944 536 1089 617 cunslis
1126 537 1346 621 redolentiis
1372 534 1449 617 sive

112 638 288 721 odoribus
312 640 497 739 plenam.
534 641 652 740 Super
669 664 754 817 {ruo
778 638 969 718 admirans
993 638 1141 719 audiuit
1166 666 1304 722 vocem
1332 664 1450 719 unam
1537 693 1539 699 s

113 734 297 821 dicentem
325 739 392 819 sibi
419 768 428 820 :
454 749 518 818 Ira
543 744 593 841 eli
618 738 674 821 Di
689 735 787 818 essus
812 747 855 817 F.
866 733 1042 827 Nicolaur
1067 738 1108 818 in
1133 741 1322 843 conspeetu
1347 766 1427 819 meo
1440 796 1462 839 .,

113 839 279 956 Quidam
306 842 421 921 etiam
446 839 644 943 singularis
677 839 769 920 dieii
795 838 943 919 Dileui
969 842 1163 940 devotus,
1196 846 1359 923 Sandrus
1386 869 1455 922 no·

112 967 240 1039 mine,
264 943 310 1023 de
335 968 413 1044 quo
438 943 546 1044 supra
571 941 667 1022 sassa
693 939 746 1021 est
771 942 942 1038 mentio,
968 968 1057 1023 cum
1086 946 1231 1023 summe
1257 943 1449 1023 affesiaret

113 1068 176 1145 per
201 1043 471 1124 certitudinem
497 1044 673 1124 obtinere
699 1042 843 1145 aliquid
869 1045 977 1144 super
1005 1044 1099 1124 llatu
1125 1043 1458 1140 dilesliDomini3

112 1146 147 1225 8(
172 1147 325 1231 obboc
350 1147 450 1227 bene
477 1171 544 1248 per
570 1169 605 1222 ii.
633 1145 712 1225 dies
737 1145 779 1224 in
804 1144 985 1246 lacrymis
1010 1146 1047 1225 8(
1075 1145 1248 1246 psalmis,
1273 1172 1319 1227 ac
1342 1147 1456 1225 devo·
1548 1234 1553 1239 ,

114 1245 162 1326 tis
187 1247 426 1339 orationibus
453 1248 701 1348 perdurasset,
726 1247 878 1326 tandem
905 1272 993 1326 cum
1021 1250 1130 1348 super
1156 1248 1230 1328 hoc
1256 1258 1380 1328 oraret
1391 1273 1454 1326 co-

114 1372 193 1427 tarn
220 1348 421 1429 crucifixo
445 1349 614 1445 intense,
641 1345 750 1428 dislis
775 1349 916 1450 septem
944 1349 1122 1446 Psalmis,
1146 1349 1184 1429 8(
1204 1346 1351 1431 (ιιιιᾶἱε
1376 1373 1456 1427 ora·

113 1448 307 1547 tionibus,
332 1474 421 1531 ecce
448 1449 611 1529 nuncius
636 1449 743 1530 venit
768 1450 816 1530 ad
842 1449 988 1551 ipsum,
1013 1449 1458 1531 dicensnovitatemsm·

116 1551 292 1651 gularem
318 1551 392 1631 sua
427 1552 588 1632 evenisse
615 1550 757 1632 uxori.
794 1553 950 1652 Propter
970 1554 1073 1654 quod
1111 1552 1234 1632 llatim
1271 1552 1455 1631 accedens

112 1651 157 1730 ad
184 1651 325 1752 ipsam„
352 1653 490 1754 reperit
514 1653 677 1770 qualiter
701 1651 778 1755 ipsa
802 1653 987 1734 existente
1004 1653 1055 1732 in
1075 1656 1212 1750 horto,
1240 1651 1456 1732 videratlu·

111 1764 195 1835 cern
222 1776 435 1854 magnam,
460 1755 498 1835 8(
523 1780 564 1833 m
590 1755 670 1855 ejus
696 1754 824 1835 medio
849 1754 1034 1836 diledlum
1062 1755 1225 1835 Domini
1254 1758 1313 1834 Fr.
1337 1755 1455 1833 Nico·

111 1853 239 1949 laum,
263 1855 364 1935 auris
389 1878 456 1957 per
483 1875 607 1936 totum
634 1855 838 1953 indutum,
863 1856 1025 1958 Angelis
1051 1857 1142 1937 binc
1169 1856 1458 1936 indesociatum

112 1976 306 2056 unumque
334 1959 527 2059 Angelum
554 1958 675 2037 alium
701 1961 808 2058 super
833 1981 945 2059 caput
965 1957 1075 2060 ipsius
1085 1982 1266 2038 coronam
1278 1962 1457 2052 auream,

112 2055 297 2139 intextam
324 2057 512 2158 lapidibus
538 2057 706 2160 pretiosis
742 2060 1002 2159 imponentem
1037 2044 1271 2139 radiantibus
1296 2058 1458 2139 eircum-

116 2158 213 2240 circa
239 2157 401 2239 mirifica
426 2160 623 2253 claritate,
649 2183 762 2261 quam
790 2162 896 2239 serva
922 2162 1001 2239 Dei
1023 2159 1122 2241 serre
1148 2186 1226 2239 non
1252 2159 1458 2252 sustinens,

115 2259 251 2351 &cum
261 2284 401 2362 pivore
412 2258 668 2373 genufleslens
678 2263 725 2339 ad
737 2283 874 2342 terrain
884 2262 1003 2341 dixit:
1029 2260 1192 2344 Domine
1201 2288 1274 2339 non
1277 2260 1459 2362 sirmeum

117 2355 219 2459 aste,
246 2383 355 2463 arque
380 2363 555 2469 miranda
578 2358 710 2441 videre
734 2360 870 2462 digna.
895 2367 1026 2476 Quam
1040 2361 1286 2447 dileslusDei
1313 2357 1460 2442 consor·
1511 2383 1515 2393 ·

116 2483 206 2574 tens·
218 2463 336 2547 dixit:
363 2452 563 2549 Adbureas
571 2462 733 2547 Domino
732 2471 831 2570 Jesu
840 2462 1002 2568 Christo,
1021 2461 1178 2565 servias
1189 2461 1352 2545 Domino
1361 2471 1398 2564 J
1398 2461 1461 2562 esis

114 2562 202 2645 clm
233 2566 377 2660 03'hoc
404 2567 525 2670 ipsum
553 2568 678 2648 eidem
706 2567 891 2670 replicans
911 2591 978 2668 per
1001 2588 1076 2647 tres
1097 2567 1224 2664 vices,
1249 2589 1296 2649 ex
1323 2566 1462 2666 quibus

114 2689 185 2749 cori
201 2686 326 2747 ortatu
352 2668 551 2764 remansit,
577 2667 783 2748 &maritus
810 2670 887 2764 ejus
899 2668 1102 2747 satissadlus
1113 2669 1159 2748 de
1170 2693 1241 2764 eo,
1266 2666 1368 2769 quod
1380 2688 1461 2746 tem

110 2766 220 2844 avide
245 2769 513 2869 concupierat,
539 2790 581 2846 ut
608 2766 811 2869 prefertur.
840 2769 974 2847 Habui
992 2790 1146 2865 autern,
1171 2794 1219 2848 eo
1239 2765 1459 2870 quodmilii

110 2866 256 2946 disltim
282 2867 335 2946 est
371 2870 419 2949 ab
445 2888 605 2967 utroque
643 2868 807 2966 ipsorum
845 2865 886 2945 in
912 2866 1141 2946 consessione
1176 2869 1332 2947 oraculo
1358 2867 1460 2946 vivae

113 2966 240 3046 uocis.
265 2966 434 3049 Cuidam
462 2970 578 3048 etiam
605 2968 753 3048 devotae
779 2968 942 3068 personae
969 2968 1094 3047 oranti
1115 2965 1460 3069 apparuitdiieelus

113 3068 276 3150 Domini
304 3090 407 3153 totus
433 3068 671 3172 splendidus,
694 3068 924 3170 &pulcher,
950 3095 994 3150 ac
1013 3068 1111 3149 albis
1131 3067 1461 3151 induamueum

115 3169 362 3272 interrogaret
389 3197 502 3269 euni,
528 3197 576 3250 an
602 3170 758 3251 sensisset
787 3194 963 3272 magnam
1017 3196 1144 3251 uenam
1174 3169 1215 3248 in
1235 3168 1461 3253 infirmitate

117 3271 203 3369 sua,
228 3274 418 3374 respondit
443 3276 545 3375 quod
571 3273 619 3354 sic
647 3300 655 3352 :
682 3272 719 3351 8(
744 3273 846 3373 quod
874 3274 948 3352 hoc
990 3272 1044 3353 ibi
1071 3271 1290 3375 permissum
1313 3269 1387 3353 suit
1414 3267 1461 3351 iti
1528 3297 1531 3301 ’

86 3384 364 3471 *augmentum
402 3374 565 3471 meriti,
599 3372 948 3475 &inexemplum
976 3375 1217 3455 multorum.
1257 3374 1307 3453 Et
1334 3371 1462 3453 eidem

118 3475 280 3574 persona
306 3478 421 3555 etiarn
443 3530 457 3572 ,
483 3501 572 3556 cum
599 3496 722 3555 oraret
749 3476 823 3553 alia
851 3476 1002 3556 vice-in
1030 3474 1234 3571 Ecclesia,
1258 3473 1324 3555 sibi
1353 3498 1461 3574 appa.

117 3574 194 3665 ruit
220 3575 377 3657 dilelius
403 3577 602 3675 Domini,
636 3596 725 3667 curn
763 3576 1019 3678 pulcherrirna
1045 3577 1083 3656 8(
1109 3601 1247 3678 magna
1272 3578 1460 3657 comitiva

117 3677 284 3757 totaliter
309 3679 405 3759 albis
441 3680 607 3774 induta,
642 3677 943 3778 &singulariter
980 3679 1191 3759 laetabunda
1225 3706 1235 3757 ε
1272 3679 1317 3759 ad
1342 3700 1460 3780 quem

119 3777 268 3879 prosata,
288 3783 466 3881 persona,
493 3781 704 3881 dirigendo
714 3781 929 3859 sermonem
957 3781 1054 3860 diirit
1082 3801 1091 3852 τ
1116 3787 1207 3883 Quae
1232 3783 1284 3882 ιβ
1307 3778 1465 3871 nurus,

118 3906 191 3978 quae
214 3879 344 3961 baberi
364 3881 471 3984 poffit
497 3881 544 3959 ab
566 3878 719 3978 anima,
739 3901 807 3979 per
824 3907 942 3981 quam
971 3879 1049 3982 ipsa
1066 3875 1149 3979 plus
1164 3877 1315 3980 placeat
1336 3889 1415 3963 Deo
1437 3882 1461 3955 ?

119 3980 194 4059 Cui
220 3982 317 4062 ille:
345 3980 489 4081 irrigue
510 3980 637 4065 divini
671 3980 803 4064 ameriis
824 3981 979 4061 orne.
1006 3985 1122 4064 Tunc
1149 3983 1290 4062 iterum
1319 3982 1386 4061 illa
1408 3979 1461 4080 ip·

120 4080 198 4161 suin
223 4083 432 4184 interrogat
454 4114 463 4164 :
490 4084 567 4186 Qui
587 4084 767 4165 videlicet
788 4106 897 4164 erant
917 4078 979 4164 issi
998 4083 1123 4181 tanei,
1147 4083 1198 4165 Θ
1217 4105 1299 4162 ram
1318 4078 1462 4181 spella·

121 4176 227 4281 biles,
254 4212 278 4261 ei
296 4181 425 4285 quibus
445 4185 719 4273 comitabatur.
746 4186 826 4266 Cui
854 4187 907 4266 ita
934 4187 1147 4288 respondit:
1172 4184 1238 4289 sslr'
1258 4184 1348 4285 sunt
1373 4190 1463 4262 Fra·

119 4304 188 4363 nus
215 4284 325 4388 nestri
350 4285 522 4385 ordinis,
547 4290 597 4371 Θ*
620 4286 706 4366 veri
733 4284 872 4367 militer
887 4289 984 4391 Jesu
1010 4283 1171 4388 christi:
1197 4312 1262 4365 nos
1287 4279 1388 4365 enim
1401 4281 1463 4382 su·

123 4410 198 4467 mus
221 4383 266 4571 r'Trr
286 4384 406 4568 μέν
427 4381 697 4495 Apostolorum.
724 4390 776 4470 Et
803 4414 892 4475 cum
920 4388 1028 4568 diet}
1046 4386 1201 4489 persona
1227 4382 1467 4568 i'tctumlves·

169 4542 175 4565 .
260 4514 329 4573 rm.
384 4498 433 4573 ll.
573 4566 577 4589 Κ
1040 4514 1060 4574 e
1379 4503 1419 4567 et
