3800 5342
490 344 545 425 68

423 496 595 575 eamdem
623 496 663 574 in
691 490 914 597 praecedenti
940 490 1097 571 essemus
1124 485 1245 569 astate
1272 510 1341 588 pro
1368 486 1621 571 Ambasciaris
1646 490 1764 572 nostri

419 598 584 677 Ducalis
611 594 787 677 Dominii
818 593 1064 672 Venetiarum
1093 588 1369 690 expediendis,
1395 589 1762 691 &supplicassem

422 697 548 777 eidem
576 694 902 777 Reverendissrmae
930 689 1377 785 Dominationchslrae,
1402 693 1503 793 quod
1531 717 1765 777 recuruum}

422 798 548 878 datam
577 798 715 880 habere
741 799 959 894 dignaretur
978 794 1125 872 causam
1141 792 1551 894 plenarapprobationis
1563 795 1765 895 Fratrum,

420 899 459 978 8(
485 902 664 979 Sororum
692 902 738 979 de
766 894 996 977 Poenitentia
1023 895 1063 973 ta
1087 892 1317 992 Dominici,
1341 894 1589 994 gratissimum
1616 898 1765 997 respuo

421 1000 504 1078 sum
532 1004 582 1080 ab
606 1002 737 1081 eadem
765 997 1059 1099 recepissemus,
1096 994 1150 1075 ita
1177 1017 1305 1074 tamen
1332 998 1433 1093 quod
1459 995 1683 1083 deberemus
1709 1024 1766 1079 or·

421 1100 575 1198 clinare,
602 1125 670 1196 ur,
695 1098 971 1180 discedentibus
1000 1097 1111 1176 nobis
1135 1097 1182 1174 de
1210 1098 1309 1177 alma
1335 1096 1465 1192 Urbe,
1494 1098 1764 1183 Dominatiori

421 1199 901 1281 ReverendislimaeVesltar
927 1200 974 1279 ad
1001 1196 1224 1277 memoriam
1248 1199 1766 1299 reducereturperaliqtrems

420 1303 460 1382 &
487 1303 560 1382 boc
586 1325 680 1391 runc
706 1301 814 1382 isthic
840 1300 1144 1381 ordinaverimus
1177 1325 1265 1379 cum
1294 1301 1520 1379 Reverendo
1548 1303 1767 1382 Panesuar·

419 1403 625 1485 tholamaeo
652 1405 699 1485 de
725 1401 898 1498 Parusto,
929 1400 1083 1483 Vicario
1110 1400 1229 1481 ltalia
1255 1399 1412 1483 Ordinis
1440 1401 1766 1502 praedicatorum,

418 1530 493 1586 nec
521 1532 599 1586 nort
625 1507 662 1586 8(
689 1524 776 1586 cum
804 1505 999 1601 discreto,
1035 1529 1078 1584 ac
1106 1502 1266 1604 provido
1293 1504 1377 1583 viro
1404 1502 1579 1591 Domino
1605 1506 1763 1587 Baubo

417 1606 554 1687 lamaeo
580 1609 737 1708 Capua,
763 1606 972 1687 Secretario
1000 1604 1144 1701 uestro,
1172 1626 1212 1683 ur
1241 1605 1293 1682 ira
1320 1603 1520 1701 facerent,
1547 1628 1589 1685 ur
1617 1606 1762 1707 praser-

417 1727 520 1804 tur,
556 1709 594 1790 8(
619 1734 708 1789 cum
736 1709 808 1790 hoc
835 1707 950 1786 etiam
990 1707 1180 1807 postquam
1210 1705 1285 1786 huc
1314 1706 1487 1786 Veneriis
1514 1707 1761 1807 redivimus,

415 1811 543 1911 plures
567 1810 695 1891 literas
721 1811 824 1891 circa
848 1809 949 1891 idem
962 1807 1199 1888 Reuerentia
1214 1807 1351 1886 Veslrae
1373 1806 1646 1908 scripserimus:
1672 1836 1760 1891 con-

417 1909 506 2009 tigit
535 1937 653 2014 nuper
680 1938 749 1991 nos
773 1910 939 2005 audire,
965 1909 1127 2010 qualiter
1154 1909 1263 1986 causa
1290 1908 1609 1990 confirmationis
1636 1916 1761 2012 plena·

416 2012 483 2091 ria
520 2013 733 2114 supradisla
757 2012 812 2093 esl
837 2011 977 2091 Vestra
1004 2009 1333 2089 Reverendillimae
1361 2010 1630 2094 Domiuationi
1658 2039 1760 2095 com-

412 2113 521 2191 missa
558 2140 623 2214 per
648 2115 865 2194 Dominum
903 2111 1072 2193 nostrum
1111 2114 1278 2212 Papam.
1317 2114 1558 2213 Quapropter
1595 2136 1673 2197 tam
1711 2139 1761 2197 ex

412 2217 582 2314 generali
608 2218 816 2310 charitate,
842 2240 956 2315 quam
983 2215 1102 2295 etiam
1128 2238 1175 2293 ex
1202 2212 1354 2313 speciali
1380 2213 1617 2311 assessione,
1644 2241 1761 2318 quan

412 2315 461 2394 ad
486 2316 584 2416 ipsos
610 2318 757 2396 Fratres
785 2317 952 2417 gerimus
980 2336 1131 2415 propter
1158 2315 1505 2395 commendabilem
1527 2318 1678 2411 uitam,
1705 2338 1763 2398 at·

411 2439 487 2515 que
506 2416 918 2519 doslrinamipsorum,
943 2416 1468 2518 cogimursupplicariouem,
1495 2417 1761 2516 asarsusim,

406 2540 477 2616 per
503 2519 634 2598 literas·
657 2522 872 2619 replicare,
905 2543 981 2597 nec
1009 2545 1087 2600 uon
1114 2517 1151 2596 8(
1178 2515 1316 2596 dislam
1353 2518 1503 2597 causam
1530 2519 1655 2601 eidem
1685 2524 1757 2601 Ve-

408 2614 491 2698 stra
517 2619 844 2701 Reverendissrrua
871 2618 1140 2700 Dominationi
1169 2617 1260 2699 totis
1287 2618 1427 2701 nisibus
1453 2624 1762 2718 commendare,

408 2738 455 2799 ut
482 2720 655 2803 bonitate
681 2722 832 2817 uestra,
870 2721 963 2823 pia,
997 2721 1035 2800 8(
1062 2718 1185 2799 santra
1211 2719 1416 2820 poslulatio
1442 2722 1547 2799 suum
1573 2722 1759 2805 sortiatur

406 2816 615 2905 effessum.
656 2825 717 2903 Ad
742 2822 875 2905 cunsla
900 2824 1076 2903 mandata
1115 2849 1183 2903 nos
1210 2821 1428 2922 suppliciter
1464 2823 1667 2904 offerentes
1693 2845 1761 2903 ve·
1872 2876 1873 2927 ,

405 2916 488 3007 tlrae
516 2926 842 3006 Reverendiffimae
871 2925 1175 3018 Dominarioni,
1203 2949 1316 3023 quarn
1347 2925 1454 3004 Deus
1481 2924 1656 3007 Ecclesra
1683 2926 1760 3006 suae
1872 2936 1873 3017 l

406 3021 553 3105 Sansiae
577 3029 799 3107 conservare
824 3028 1034 3127 dignetur.
1075 3024 1248 3105 Veneriis
1274 3026 1336 3105 die
1366 3023 1544 3125 vigesrma
1571 3027 1674 3117 seara
1698 3028 1757 3128 Ja-
1872 3048 1873 3117 ς

405 3127 531 3205 statarii
564 3157 667 3228 1404
695 3128 818 3205 Veslri
848 3128 1014 3205 humiles
1041 3128 1244 3224 Oratores,
1272 3128 1405 3208 Petrus
1432 3128 1575 3209 Etnruo
1602 3128 1761 3228 Miles,
1872 3154 1873 3163 ¹

404 3224 542 3306 Petrus
569 3231 702 3308 Pisano
729 3230 775 3307 de
804 3229 1002 3308 Venetiis.
1761 3282 1766 3291 ·

322 3366 323 3369 κ
457 3328 556 3407 ltem
584 3332 858 3431 consequenter
884 3329 1162 3431 recepir‘l’rior
1188 3329 1763 3433 ConvenruwSSdohaartia,

405 3425 601 3525 utenti,
627 3432 828 3512 videlicet:
857 3434 987 3511 Frater
1012 3432 1202 3531 Johannes
1229 3433 1437 3519 Benedislo
1463 3435 1616 3515 literam
1643 3457 1761 3515 unam

405 3530 672 3634 asupradislo
694 3531 848 3613 Vicario
876 3533 1029 3628 ltalia,
1066 3561 1130 3636 per
1158 3534 1279 3636 ipsum
1318 3536 1494 3636 scriptam
1520 3538 1655 3621 Romu
1693 3535 1761 3615 die

403 3631 552 3737 decima
578 3636 778 3716 Febrrtatri
807 3663 910 3737 1404.
939 3637 979 3713 in
1007 3662 1079 3737 qua
1108 3636 1209 3714 inter
1235 3637 1318 3719 alia.
1339 3635 1385 3715 stc
1414 3637 1564 3717 scribit:
1583 3637 1762 3721 ,tremui-

401 3732 496 3815 catis
524 3736 646 3814 Fratri
659 3738 823 3816 Tuomae
851 3740 897 3815 de
923 3738 1056 3833 Senis,
1082 3738 1185 3838 quod
1213 3738 1440 3837 supplicatio
1467 3766 1535 3840 pro
1560 3739 1764 3819 confirma·

399 3834 508 3916 tione
536 3836 694 3918 illorum
731 3838 776 3916 de
805 3840 1035 3923 Poenitentia
1072 3840 1113 3918 B.
1143 3840 1341 3919 Dominici
1382 3841 1550 3940 porresla
1579 3840 1650 3919 suit
1680 3842 1763 3919 Do-

400 3935 512 4016 mino
539 3939 682 4040 Papa,
719 3940 785 4040 qui
812 3942 967 4042 primo,
1005 3942 1212 4019 secundum
1248 3942 1350 4041 quod
1387 3968 1452 4043 per
1479 3943 1605 4042 plures
1631 3942 1765 4024 literas

397 4037 558 4138 scripsi,
593 4040 784 4122 commisrt
814 4045 990 4123 Domino
1019 4039 1282 4138 Bononiensi,
1320 4065 1360 4123 ut
1392 4043 1537 4125 videret
1566 4044 1760 4144 Regulam

400 4139 692 4239 predictorum,
719 4144 769 4222 8(
786 4145 937 4227 referret
967 4175 975 4223 :
1003 4146 1040 4222 8(
1068 4143 1114 4220 stc
1141 4142 1280 4229 saslum
1311 4143 1362 4222 est
1385 4200 1396 4222 .
1423 4146 1493 4224 Sed
1522 4143 1765 4246 postmodum

397 4241 586 4326 commisit
614 4246 784 4328 secundo
812 4249 989 4331 Domino
1018 4244 1248 4327 Bononiensi
1276 4245 1445 4346 scilicet,
1472 4247 1696 4435 &Donssino
1715 4248 1766 4330 de

473 4382 476 4387 ·
1635 4375 1716 4430 ran·
