3800 5342
247 2379 1820 2624 SANCTISSIMI
1951 2376 2964 2626 ROSARtr'

156 2767 821 2902 Sororum
851 2763 1298 2904 Tertii
1334 2762 1907 2907 Ordinis
1969 2764 2139 2902 de
2200 2722 3035 2937 Poenite‘ntia

846 2952 850 2957 ’
919 2947 1377 3095 ὃαηᾶἰ
1473 2946 2270 3091 Dominici.

425 3250 507 3327 N
558 3204 888 3352 raberius
941 3253 1188 3335 anatis
1241 3255 1452 3336 Beati
1508 3255 1838 3337 Thomae
1890 3248 2233 3338 senenfis
2306 3248 2684 3354 opusculis
2736 3237 2943 3329 nihil

473 3354 765 3451 prorsus
817 3355 1206 3436 omittitur
1243 3411 1271 3451 ‚
1320 3359 1523 3458 quod
1576 3359 1669 3436 ad
1720 3358 2028 3439 exordia
2069 3411 2096 3454 ‚
2145 3355 2223 3434 8<
2275 3354 2747 3434 incrementa
2798 3349 2943 3426 Or·

257 3249 419 3624 I
472 3451 671 3531 dinis
725 3454 1202 3537 Poenitentiae
1223 3457 1954 3555 SanffiDominici‚
2008 3455 2259 3557 (quod
2314 3477 2571 3534 tamen
2630 3448 2946 3532 Militia

471 3553 761 3632 Christi
802 3609 829 3652 ‚
903 3553 995 3635 utf
1041 3556 1371 3638 vidimus
1413 3612 1442 3654 ‚
1512 3561 1607 3638 ab
1680 3557 1912 3639 initio
1984 3557 2375 3637 dicebatur
2424 3557 2466 3653 )'
2510 3551 2947 3665 illustranda

393 3701 399 3709 -
476 3655 847 3768 condqcat
885 3713 904 3734 .
959 3658 1254 3739 Ibidem
1308 3658 1592 3759 legitur
1643 3682 1976 3761 quonam
2053 3656 2268 3761 pasto
2316 3655 2527 3736 Sedis
2581 3651 2953 3757 Apostoli.-

252 3776 360 3833 cae
419 3754 881 3868 cimborium,
935 3759 1557 3860 &comprobatio
1611 3760 1961 3841 instituto
2016 3761 2200 3840 huic
2242 3756 2725 3853 accesserint,
2776 3776 2952 3856 qua·

252 3876 408 3959 que
462 3874 754 3933 ratione
808 3857 888 3934 in
947 3861 1138 3947 bene
1193 3862 1458 3940 multis
1509 3861 1932 3940 Christiani
1957 3860 2190 3940 Orbis
2243 3859 2683 3961 regionibus
2739 3857 2951 3967 flore·

253 3976 339 4032 re
394 3955 758 4054 coeperit,
813 3959 944 4036 ubi
1000 3961 1387 4064 utriusque
1438 3962 1655 4041 sexus
1710 3963 2053 4062 personas
2108 3986 2408 4040 morum
2455 3955 2952 4037 sanfflmoma

252 4056 482 4155 plane
536 4054 886 4156 singulari
944 4060 1265 4161 insignes
1317 4062 1671 4140 exhibuit
1719 4117 1745 4157 ‚
1817 4063 2300 4164 Seraphicam
2357 4062 2435 4138 in
2493 4056 2755 4158 primis
2807 4055 2954 4135 Ca·

252 4155 639 4269 :berinam
695 4159 1142 4240 Senensem.
1198 4165 1432 4264 Quod
1487 4185 1745 4241 autem
1800 4162 1881 4242 in
1938 4188 2097 4242 rem
2154 4187 2401 4241 meam
2462 4157 2831 4259 praecipue
2856 4155 2956 4232 fa-

257 4277 419 4349 cit,
474 4258 554 4334 in
610 4257 877 4339 iisdem
938 4261 1217 4369 libellis
1274 4265 1527 4344 videre
1572 4263 1721 4358 est,
1774 4263 2165 4363 quomodo
2204 4263 2595 4341 adnitente
2616 4260 2961 4358 saepelau·

260 4358 446 4435 dato
501 4359 1145 4445 ThomaSenenfi
1198 4364 1667 4452 idemnrdo
1722 4363 1865 4443 fuit
1891 4361 2259 4443 Venetias
2313 4359 2701 4459 ἰηνεᾶυς,
2747 4360 2960 4437 Deo-

361 4501 377 4509 ·
471 4467 686 4541 Tom.
730 4471 889 4543 VII.
1955 4465 2109 4563 Yy
2711 4484 2862 4563 que
