3800 5342
960 472 963 476 ,
1302 381 1386 486 383

97 528 335 615 subticebat.
361 525 516 609 Sciebat
541 525 655 609 euim'
672 526 780 607 serva
788 522 961 621 Christi,
981 523 1168 627 quoniam
1184 522 1358 610 nostruin
1370 549 1450 609 erat

102 633 236 713 vivere
260 631 304 710 in
330 627 528 711 communi
555 656 569 724 3
595 647 747 730 propter
769 627 874 729 quod
896 626 1157 708 transmittere
1180 629 1282 710 mihi
1303 631 1454 733 aliquid

106 734 153 815 de
179 731 398 836 supradisiis
423 753 503 811 erat
529 731 657 832 potius
682 751 961 831 aggravamen,
985 727 1056 808 nili
1081 728 1124 809 iu
1146 754 1288 833 magna
1305 731 1454 835 quanti·

109 854 188 916 tate
207 889 227 931 ,·
255 860 330 936 qua
357 830 634 921 communicari
655 828 835 932 potuisset
874 830 950 911 toti
972 828 1102 911 nostro
1123 832 1352 914 &aventus
1378 857 1463 915 ura.

109 958 190 1037 gno
213 989 229 1033 ,
253 935 499 1016 mitteretur.
527 935 639 1015 Unde
663 955 852 1035 nusquam
874 933 1033 1030 recolo,
1051 933 1160 1035 quod
1186 932 1263 1037 ipsa
1287 936 1352 1016 sel
1374 934 1458 1032 eius

109 1035 279 1137 genitrix
307 1035 405 1116 mihi
430 1033 664 1131 contulerit,
684 1056 755 1117 aut
783 1033 1030 1117 transmiserit
1050 1034 1201 1138 aliquid
1226 1038 1460 1139 temporale,

113 1137 183 1217 nisr
210 1132 333 1218 forsan
359 1136 499 1235 semel,
523 1137 586 1216 vel
609 1137 702 1216 bina
728 1135 815 1222 vice
836 1193 846 1219 .
868 1136 1210 1237 Quemadmodum
1235 1158 1365 1219 autern
1389 1139 1412 1216 s
1433 1138 1463 1216 i·

114 1240 302 1319 ritualiter
327 1239 375 1319 ad
401 1264 488 1337 me,
511 1236 568 1318 ira
594 1238 703 1319 &ad
728 1239 869 1319 multas
888 1238 988 1319 alias
1011 1238 1188 1341 personas
1211 1165 1461 1342 erathnguia·

115 1339 209 1419 riter
233 1364 282 1419 err
307 1341 492 1421 charitate
513 1338 687 1423 affeda.
724 1340 975 1423 afficiebatur
1010 1365 1177 1442 namque
1199 1339 1390 1441 fignanter
1415 1340 1464 1420 ad

114 1465 252 1519 omnes
276 1442 431 1522 Sorores
456 1442 614 1533 Ordinis
639 1441 686 1521 de
711 1440 944 1531 Paenitentia
969 1442 1007 1521 S.
1020 1441 1244 1538 Dominici,
1268 1443 1362 1521 &ad
1373 1441 1466 1521 alias

117 1539 268 1621 essedas
295 1542 437 1625 eisdem
463 1542 506 1622 in
532 1564 680 1636 tantum
702 1598 715 1639 ,
748 1542 853 1649 quud
877 1542 948 1623 fibi
974 1543 1158 1644 angulare
1193 1560 1273 1622 erat
1299 1542 1467 1638 festum,

116 1664 231 1744 atque
252 1642 435 1724 solatium
461 1645 534 1724 esse
558 1669 647 1725 curn
671 1646 765 1740 eis,
787 1665 856 1731 aut
880 1670 972 1726 curn
999 1646 1126 1747 aliqua
1148 1645 1355 1724 carmidem
1380 1673 1391 1722 :
1428 1644 1482 1721 ds·

115 1745 195 1825 hoc
219 1744 275 1823 ira
302 1767 389 1825 aare
417 1744 509 1825 ficut
535 1746 572 1823 δε
598 1745 794 1846 postquam
819 1746 898 1848 ipsa
920 1746 1083 1849 suscepit
1107 1746 1285 1828 habiturn
1307 1744 1469 1845 supradi-

118 1845 223 1925 dium
245 1873 259 1941 3
284 1869 508 1948 peroptans,
531 1849 634 1949 quod
661 1845 845 1929 didarum
865 1849 1049 1928 Sororum
1075 1846 1191 1927 slatus
1209 1845 1472 1947 quotidieam·

122 1946 222 2048 plius
249 1968 327 2026 tam
341 1948 503 2044 merito,
528 1969 1051 2049 quamaumeroaugeretur.
1077 1946 1470 2028 Consimiliteretiam

121 2048 169 2127 ad
196 2047 388 2130 Moniales
414 2048 599 2149 Corporis
624 2047 772 2128 Christi
800 2069 877 2128 erat
903 2047 1080 2150 *fingulari
1117 2049 1160 2128 in
1185 2047 1343 2127 Christo
1373 2048 1471 2128 cari·

122 2169 201 2228 tate
227 2148 428 2246 conjurata
448 2204 463 2246 ,
487 2173 577 2230 cum
600 2148 742 2249 quibus
769 2149 915 2231 ratione
941 2171 1020 2230 tam
1046 2150 1149 2247 mei,
1174 2173 1287 2251 quarn
1309 2148 1470 2251 supradi-

122 2248 268 2329 diarum
295 2253 543 2333 consororum
570 2250 722 2329 suarum
746 2253 795 2332 de
824 2250 1056 2333 Poenitentia
1081 2252 1123 2332 B.
1150 2249 1387 2345 Dominici,
1420 2249 1472 2328 sa-

124 2348 387 2432 miliariratem
415 2352 579 2435 habebat
606 2350 648 2430 in
658 2351 833 2433 Domino
858 2353 1114 2454 spiritualem.
1140 2353 1193 2432 Et
1218 2353 1264 2432 de
1289 2349 1472 2445 licentia,

125 2452 372 2532 &consensu
399 2477 487 2535 rneo
514 2452 754 2534 ordinaverat
789 2458 890 2555 apud
913 2481 978 2535 eas
1003 2453 1151 2557 sepeliri
1186 2454 1233 2531 ad
1259 2453 1358 2534 intra
1395 2451 1486 2552 posi

121 2575 290 2633 mortem
317 2554 421 2635 suam
449 2552 515 2634 ubi
541 2554 699 2656 depelle
726 2555 1290 2652 tuucoccurrentedecederet,
1314 2552 1472 2633 ficut&

126 2652 272 2734 sodium
298 2654 351 2732 est
376 2680 441 2755 per
467 2653 670 2749 essedum,
696 2676 809 2754 prout
833 2655 933 2735 infra
960 2656 1302 2756 suolocopatebit.
1327 2655 1476 2736 Eodem

125 2748 244 2832 modo
271 2754 318 2831 ad
345 2755 492 2833 Fratres
530 2753 806 2835 Praedicatores-
830 2754 1027 2856 utriusque
1059 2757 1295 2835 Conventus
1328 2757 1378 2834 de
1404 2756 1475 2832 Ve·

126 2852 244 2935 netiis
270 2854 510 2934 observantia
535 2854 699 2955 regulari
726 2855 924 2956 vigentes,
947 2855 1107 2937 caritate
1133 2855 1318 2956 praecipua
1338 2855 1480 2933 sereba-

128 2976 218 3050 tur,
243 2948 368 3036 veluti
392 2955 440 3033 ad
466 2944 692 3057 hngulares,
713 2957 755 3036 &
779 2957 950 3058 proprios
976 2955 1045 3037 libi
1067 2980 1268 3058 germanos
1289 2954 1483 3035 inDomi·.

129 3083 204 3138 no.
232 3057 291 3134 lta
318 3078 473 3152 tamen,
496 3057 599 3157 quod
624 3055 677 3137 esi
703 3057 880 3139 mirabile
907 3057 1034 3156 disin,
1059 3057 1148 3160 qnia
1174 3081 1263 3137 cum
1285 3054 1413 3137 taliter
1433 3054 1488 3134 aua

130 3148 251 3238 didius
276 3159 425 3239 Fratres
451 3156 689 3256 afficeretur,
714 3159 752 3239 8(
779 3160 825 3239 de
853 3159 984 3238 auditu
1013 3158 1322 3262 predicationum
1344 3214 1358 3256 ,
1380 3156 1491 3237 divi·

131 3284 347 3360 nurumque
367 3259 597 3341 Officiorum
623 3263 674 3341 ab
697 3259 840 3343 eisdem
867 3256 1384 3363 angularitergratularerur
1404 3314 1418 3358 ,
1441 3256 1483 3339 δι

132 3360 393 3443 consolaretur
419 3360 460 3439 in
488 3359 687 3458 Domino,
712 3385 907 3463 nunquam
934 3383 1062 3443 tamen
1087 3363 1204 3444 alicui
1226 3360 1392 3465 deipsis,
1417 3380 1484 3441 aut
1606 3460 1608 3463 v

130 3461 400 3563 cujuscumque
428 3460 815 3641 relifiionisnlterium
841 3461 910 3543 nili
921 3463 1043 3543 forsan
1056 3463 1136 3560 bis,
1161 3484 1227 3542 aur
1240 3485 1321 3561 ter,
1337 3464 1480 3543 &cum

134 3562 292 3644 licentia
319 3564 492 3644 locutae
552 3584 635 3643 toro
663 3582 835 3665 tempore
862 3564 952 3647 vita
975 3565 1082 3663 suar,
1106 3584 1220 3667 prout
1244 3564 1361 3644 etiam
1389 3564 1483 3645 dum

134 3686 333 3766 egrotaret
360 3664 609 3765 egritudine,
634 3663 680 3743 de
706 3691 780 3765 qua
807 3665 990 3768 migravit
1016 3668 1062 3746 ad
1084 3665 1325 3761 Dominum,
1350 3689 1497 3744 coram-

138 3766 347 3867 pluribus,
381 3766 498 3863 etiam
526 3791 591 3844 rne
615 3767 830 3867 prasente,
855 3769 1055 3869 protestata
1081 3766 1165 3847 esi.
1202 3770 1286 3848 Nec
1311 3764 1497 3845 similiter

135 3865 253 3946 alicui
279 3865 514 3965 secularium
541 3868 823 3965 Sacerdotem,
858 3868 928 3947 nisr
955 3869 1022 3948 suo
1050 3868 1284 3949 Parochiano
1311 3897 1320 3945 :
1346 3869 1384 3945 ἃ
1411 3866 1486 3946 hoc

138 3969 261 4048 solum
289 3993 378 4047 cum
405 3968 619 4069 contigisset
647 3966 796 4048 statutis
820 3968 1058 4070 temporibus
1083 3972 1249 4071 recipere
1276 3970 1323 4046 ab
1348 3966 1498 4046 eodem·

139 4066 397 4150 Ecclesraliica
422 4071 697 4149 Sacramenta.
738 4069 844 4149 Mihi
873 4095 1000 4151 aurern
1028 4071 1285 4151 communiter
1312 4070 1489 4168 loqueba·

149 4190 213 4252 tur
234 4169 433 4272 invigiliis
459 4171 1016 4279 magnerumSolemniratum,
1037 4197 1129 4263 curn
1155 4172 1218 4252 vel
1227 4170 1382 4251 deberet
1403 4195 1494 4284 con·
1563 4212 1575 4233 s

141 4271 269 4371 fiteri,
291 4270 367 4352 five
394 4272 441 4371 de
467 4273 596 4374 aliquo
622 4272 841 4369 informari,
867 4298 933 4355 aut
960 4278 1076 4354 etiam
1103 4298 1195 4354 curn
1224 4274 1297 4352 hoc
1317 4269 1491 4351 sandalii·
1545 4300 1552 4307 ·

140 4395 251 4477 mum
278 4399 414 4479 corpus
440 4376 606 4479 recipere
632 4376 717 4481 Iesu
733 4375 921 4511 [Christi.
957 4376 1066 4458 Sicut
1092 4397 1219 4457 aurern
1246 4375 1292 4456 ad
1319 4398 1382 4455 me
1394 4370 1490 4553 a’d&
