3800 5342
162 478 310 578 sumpta
336 473 403 554 fibi
419 496 504 553 una
530 466 576 554 de
588 470 828 577 superaddis,
853 473 920 553 fibi
948 472 1156 555 inClrrillo
1182 475 1376 578 praecipuis
1388 478 1499 556 Soro-

163 578 303 669 ribusa
339 575 517 654 videlicet
554 575 724 654 Domina
760 575 894 688 Sorore
921 575 1168 675 Astrologia‚
1206 579 1327 656 veluti
1364 579 1498 678 spiritu

164 678 304 772 ebria,
329 676 367 755 8<
392 700 579 776 corporea
605 675 832 775 gravitatis,
868 699 911 753 ac
937 676 1053 754 etiam
1080 679 1151 755 l'uae
1177 677 1354 773 juvenilis
1381 676 1502 756 atatis

163 777 310 871 oblita,
335 776 428 854 illuc
454 776 554 875 quasr
580 775 621 853 in
648 795 869 870 momento,
895 795 936 853 ut
964 774 1017 854 ita
1040 778 1200 876 loquar,
1224 777 1269 875 ad
1296 802 1499 876 meperve⁴

121 878 245 956 ..nie
272 880 401 975 Quam
428 899 515 954 cum
545 876 712 956 vidissem
741 894 860 953 totam
887 874 983 954 facie
1010 878 1252 973 rutilantem,
1278 878 1468 954 admirans
1484 918 1500 970 ·‚

142 980 203 1067 ,ἃ
230 977 352 1055 statim
380 977 424 1054 de
450 977 558 1055 causa
585 974 800 1073 hujusmodi
827 975 1012 1056 adventus
1030 977 1286 1079 interrogansa
1313 976 1502 1076 respondit

165 1080 240 1158 hoc
268 1102 332 1176 per
357 1075 474 1176 ipsam
499 1075 638 1154 facium
663 1077 767 1171 fore,
793 1099 840 1154 ex
861 1101 907 1155 eo
928 1077 1030 1178 quod
1051 1078 1212 1156 omnino
1235 1077 1300 1156 tali
1313 1078 1396 1173 die,
1424 1078 1501 1155 Do

164 1178 513 1276 minoinspiraute‚
540 1176 813 1257 &mirabiliter
825 1200 1073 1279 cooperante,
1100 1180 1264 1278 recipere
1286 1179 1502 1257 decreverat

164 1279 377 1378 adplenum
399 1279 575 1355 habitum
597 1305 661 1378 per
682 1278 798 1379 ipsam
821 1298 897 1357 tam
911 1280 1006 1358 adiu
1019 1278 1293 1373 desideratum,
1315 1278 1403 1379 quia
1416 1280 1502 1356 Deo

162 1379 212 1458 fic
223 1379 414 1478 placebat.
442 1378 557 1478 Super
583 1405 659 1480 quo
686 1383 857 1458 eamdem
878 1381 1117 1480 quodamodo
1141 1381 1440 1480 reprehendens,
1466 1378 1503 1457 &

162 1479 355 1580 quomodo
367 1478 439 1556 hoc
452 1482 674 1579 cognoscere
686 1482 807 1560 adbuc
830 1481 877 1558 sic
891 1487 986 1560 bene
1000 1507 1075 1558 non
1089 1502 1234 1581 poterat
1247 1479 1504 1581 propeerrrtul-

162 1580 409 1659 taoslendeos
433 1581 470 1656 &
498 1582 594 1659 inter
620 1583 693 1660 alia
722 1606 798 1659 ram
827 1603 1046 1682 parentum,
1074 1586 1189 1682 quarn
1200 1580 1327 1660 mariti
1346 1579 1502 1657 micon-

162 1681 327 1758 ditiones
355 1680 616 1779 multipliciter
645 1704 893 1781 repugnantes
919 1684 1141 1773 adducensa
1175 1706 1263 1760 curn
1301 1680 1377 1778 ipsa
1403 1677 1503 1755 mihi

161 1779 431 1894 promptissime
458 1782 693 1881 respondisset
720 1785 765 1859 ad
792 1782 1061 1881 singulatarrta
1088 1781 1286 1875 instantia,
1311 1778 1503 1858 &servem
1534 1832 1539 1837 =

160 1880 193 1959 ti
220 1880 422 1975 delrderi0,
448 1883 634 1980 replicatis
662 1884 870 1959 rationibus
898 1884 972 1961 suis
992 1936 1012 1977 ‚.
1031 1882 1239 1981 additisque
1266 1880 1502 1979 supplicatio

160 1979 275 2058 nibus
300 1981 555 2078 importunis,·
577 1983 754 2081 flexisque
782 1984 946 2083 genibus·
969 1984 1205 2082 perseuerans
1232 2035 1245 2075 ‚
1270 1982 1422 2080 petebat
1448 1979 1501 2055 di·

159 2080 265 2159 cium
288 2080 467 2159 habitum
493 2080 559 2158 sibi
586 2083 665 2160 dari
688 2110 700 2173 3
737 2087 836 2182 quod
864 2084 906 2161 in
933 2084 1013 2161 vita
1040 2108 1124 2161 mea
1150 2081 1271 2159 simile
1296 2081 1336 2157 in
1363 2102 1500 2178 genere

160 2180 378 2279 hujusmodi
402 2206 483 2259 nori
509 2184 684 2283 percepi‚
709 2209 776 2262 nec
804 2186 918 2262 eriam
948 2184 1088 2284 possem
1112 2178 1274 2261 faciliter
1300 2179 1501 2279 concipere

159 2306 225 2361 cor
253 2292 364 2359 tanta
390 2283 543 2360 duritiei
569 2338 589 2378 ‚.
619 2287 710 2384 quin
747 2288 791 2363 ad
820 2285 917 2363 talia·
940 2285 1149 2383 juvencula
1180 2282 1277 2384 apud
1305 2283 1435 2360 Deum
1462 2279 1500 2357 br
1556 2352 1557 2355 a

158 2383 336 2461 homines
361 2382 593 2481 singulariter
620 2387 814 2485 gratiosa,
841 2408 918 2464 tam
945 2384 1211 2480 rationabilia,
1236 2384 1275 2461 br
1305 2405 1498 2460 commen·

159 2484 323 2578 affabilia,
349 2484 623 2580 efficacissima,
647 2487 684 2583 8(
710 2487 942 2582 dulcissima,
967 2513 1010 2566 ac
1038 2481 1420 2566 etiamiullantillinra
1443 2505 1502 2557 rof

157 2584 332 2683 gamina,
358 2608 405 2661 err
432 2605 517 2660 roto
536 2585 744 2683 liquefieri,
771 2588 808 2664 δε
835 2586 1000 2665 emolliri
1029 2614 1108 2667 non
1134 2585 1314 2666 debuisset
1341 2640 1351 2659 .
1388 2580 1503 2660 Unde

158 2687 196 2761 8<
222 2708 295 2781 ego
320 2707 399 2758 non
425 2685 558 2759 ualens
580 2684 741 2761 restllere
769 2686 895 2762 taliter
921 2688 1172 2783 deprecanti,
1198 2713 1286 2764 cum
1316 2684 1504 2761 vocassem

158 2782 204 2858 ad
232 2782 304 2859 boc
332 2782 394 2856 Fra
417 2782 600 2878 Ioannem
627 2783 876 2883 supradiclum
900 2838 912 2877 ,
937 2787 985 2861 d<
1011 2786 1088 2883 ipse
1124 2785 1215 2864 ficut
1243 2786 1279 2861 bc
1305 2808 1377 2881 ego
1403 2783 1499 2859 sece⁴

155 2907 269 2975 ram,¹
289 2881 478 2982 praelatam
505 2881 597 2961 sicut
617 2882 804 2961 ferventer
832 2885 1057 2987 inlunem,
1084 2907 1291 2984 temperare
1314 2881 1498 2980 multipli⁴

155 2983 252 3065 citer
278 3007 475 3060 conarem.
501 2986 549 3061 lu
575 2980 713 3061 effedlu
738 3011 808 3063 nee
836 2984 931 3085 ipse,
958 3009 1028 3063 nec
1056 3010 1126 3083 ego
1154 3008 1236 3062 earn
1259 2980 1394 3082 quovis
1421 3006 1499 3059 nro⁴

91 3092 98 3107 ’
154 3086 205 3163 do
232 3084 476 3183 compescere
497 3106 712 3184 poteramus
726 3110 743 3161 ‘a
781 3087 831 3163 Eu
858 3106 900 3163 ut
929 3086 1094 3165 breviter
1121 3085 1348 3163 concludam
1372 3132 1390 3176 ‚-
1421 3081 1501 3180 ipsa

156 3209 235 3265 ram
262 3183 488 3280 efficaciter5
514 3206 625 3285 atque
655 3188 854 3287 prudenter
880 3186 926 3263 ad
953 3185 1104 3266 cunetas
1131 3184 1200 3264 sibi
1225 3181 1344 3261 saciar-
1363 3178 1500 3259 iaslan«

155 3286 228 3365 tias
254 3286 537 3383 respondebat,
567 3289 667 3367 inter
694 3289 839 3386 reliqua
864 3288 1098 3386 allegando,
1132 3285 1295 3387 qualiter
1328 3281 1502 3384 quaedam

148 3384 326 3477 Domina
356 3384 507 3465 Matina
534 3388 620 3466 satir
646 3387 823 3485 juvenilis
850 3389 991 3482 atatis,
1017 3388 1054 3465 dr
1081 3412 1176 3465 uxor
1198 3385 1391 3484 cujusdam
1419 3384 1501 3461 Du«

150 3486 251 3567 mini
277 3487 442 3565 Antonii
469 3488 698 3587 Superancio
725 3516 741 3584 ς
766 3490 844 3569 hac
870 3508 1059 3588 receperat
1087 3489 1263 3566 habitum
1290 3484 1498 3586 prasentia·

151 3590 276 3684 liter,
309 3588 347 3665 8<
373 3585 567 3667 aclu'aliter
595 3591 773 3669 habendo
799 3591 1017 3671 Dominum
1044 3587 1303 3689 prasatomdn
1322 3587 1499 3664 airum.

150 3692 252 3770 Item
278 3690 474 3787 quomodo
497 3690 598 3768 licet·
615 3691 674 3768 vir
701 3693 875 3791 proprius
897 3691 1166 3786 nonadeffet‚
1188 3710 1356 3767 attamen
1383 3708 1500 3788 quare

148 3815 231 3871 non
259 3794 412 3867 tenebar
436 3788 558 3866 uitam
585 3792 804 3886 honestam,
829 3790 897 3870 fibi
924 3792 1025 3892 apud*
1035 3793 1162 3871 Deum
1192 3791 1265 3869 hoc
1293 3789 1413 3869 facete
1441 3786 1500 3865 iu«

151 3887 368 3971 dubitanter
394 3889 564 3970 licebat:
593 3892 911 3993 ltem'quomodo
938 3891 1105 3992 sumptio
1130 3891 1217 3970 talis
1243 3888 1395 3988 habitus
1422 3910 1500 3964 ma»

149 3990 326 4075 trimonii
355 3990 551 4070 vinculum
581 4018 660 4071 nort
685 3993 884 4075 solvebat.
922 3996 1024 4071 laem
1049 4017 1163 4092 quare
1190 4012 1269 4070 tam
1303 4015 1325 4066 a
1351 3989 1504 4081 Patre,

152 4118 266 4195 quam
294 4118 315 4169 a
343 4093 473 4170 Matre
498 4093 606 4193 super
632 4094 706 4175 hoc
734 4093 939 4195 plenariam
968 4093 1164 4171 licentiam
1189 4090 1277 4186 „br
1300 4084 1501 4167 concessio·

154 4220 246 4276 rtem
271 4194 469 4286 habebat,
502 4194 748 4294 Dominoque
776 4193 1002 4289 mirabiliter
1036 4191 1505 4291 operante.obtinuerat-‚
1535 4248 1542 4255 .

149 4321 243 4379 eum
271 4294 349 4394 ejus
375 4292 525 4397 genitor
552 4293 1104 4397 euetnunurnussarigida
1122 4280 1361 4387 condit-lonis·
1382 4287 1501 4371 bonu
1529 4402 1533 4407 ¹

1348 4412 1456 4489 repu-
