3800 5342
492 333 573 417 188

424 536 452 581 „
478 485 565 564 esset
584 480 808 574 infirmitas,
834 480 1060 561 verecundia
1081 478 1214 562 diuus
1239 477 1324 561 allis
1335 477 1565 561 manifestare
1593 476 1722 561 srlebet
1750 496 1767 578 ,·

384 666 388 673 ,
424 638 452 679 ,,
479 585 576 663 unde
598 583 643 661 de
665 607 767 661 novo
787 581 822 659 se
844 582 1028 682 conspicit
1050 584 1319 684 repercussum.
1348 584 1462 661 Tunc
1491 581 1692 661 resolvitur
1718 582 1763 662 iu

422 737 452 780 ‚‚
476 685 609 778 fletur,
635 682 740 762 suam
762 680 1025 761 infidelitatem
1057 684 1262 783 deplorat,
1288 682 1576 763 satisbbiionem
1597 682 1762 783 promit·
1878 728 1880 831 p

423 838 452 882 ,‚
478 785 545 863 tit:
573 783 738 883 sequitur
759 779 1036 881 promillionem
1065 782 1241 864 liberatio
1260 806 1387 863 nova.
1415 787 1657 884 Quapropter
1683 809 1764 865 nou
1879 834 1880 875 ;

422 937 451 982 ‚,
477 905 679 963 contentus
701 883 742 961 in
764 904 861 963 terra
882 883 968 978 sua,
989 883 1096 980 cuiue
1124 884 1299 965 estCivis
1319 884 1550 967 conditionis
1574 883 1764 978 bonella,

422 1038 449 1083 „
478 983 550 1065 hoc
577 983 1070 1084 propalare,meirnunciir
1088 986 1124 1064 se
1144 985 1291 1083 junxit,
1318 985 1455 1086 hicque
1466 985 1632 1069 narravit
1657 987 1761 1063 au'di·
1879 1028 1880 1031 κ

421 1138 448 1180 „
474 1111 514 1163 re
534 1084 776 1180 volentibus,
800 1110 883 1199 quta
910 1083 949 1171 in
978 1088 1014 1165 se
1036 1086 1168 1182 lenm,
1193 1084 1413 1165 &similiter
1438 1107 1563 1169 narrat
1584 1087 1632 1164 de
1653 1086 1759 1164 aliie.
1879 1170 1880 1185 p

423 1236 450 1281 „
476 1186 643 1263 Narrant
665 1184 763 1263 mihi
786 1186 979 1266 mannes
1000 1212 1078 1266 uno
1100 1213 1189 1283 ore,
1214 1187 1316 1287 quod
1338 1212 1415 1267 non
1447 1186 1498 1267 ell
1519 1185 1644 1284 aliqua
1666 1188 1761 1263 hora
1879 1214 1880 1249 ³

422 1338 450 1381 „
474 1283 572 1363 insta
593 1284 692 1365 diem
717 1287 953 1382 naturalem,
977 1287 1111 1388 inqua
1134 1287 1201 1373 sint
1234 1286 1426 1387 pauciores
1453 1286 1559 1366 mille
1584 1286 1763 1369 trecentis
1879 1294 1880 1379 g

423 1437 451 1484 „
476 1386 650 1487 personis.
665 1387 707 1466 in
730 1385 894 1467 Ecclesia
915 1387 1060 1483 nostra,
1084 1412 1167 1490 qua
1191 1389 1264 1469 boc
1286 1385 1399 1470 senui
1427 1410 1563 1488 corpus
1588 1386 1764 1481 continet

421 1539 451 1584 „
476 1488 737 1567 tumulatum.
766 1488 904 1569 Petunt
929 1488 1146 1569 continuati
1172 1491 1331 1569 verbnm
1354 1488 1465 1586 Dei,
1490 1486 1552 1569 die
1573 1484 1762 1586 nocluque
1879 1518 1880 1581 3

422 1640 449 1683 ,‚
475 1610 647 1766 putarunt
667 1588 816 1690 copiam
837 1587 1110 1684 consessorum,
1136 1616 1205 1670 nec
1217 1589 1409 1673 sufficiunt
1429 1587 1591 1690 operarii
1612 1588 1658 1665 ad
1670 1586 1762 1667 mes·

292 1726 295 1737 »
426 1742 453 1782 „
494 1711 555 1765 em
583 1689 1061 1771 tamuberem&selicem.
1090 1690 1149 1770 lbi
1176 1713 1415 1793 peccatorum
1429 1690 1628 1793 lacryma,
1654 1690 1765 1767 devo
1879 1712 1880 1779 ς

423 1841 451 1884 ,,
477 1789 1247 1891 torumstngultus,languentiumuoces,
1274 1790 1479 1887 beneficia,
1504 1792 1690 1871 clamores
1701 1814 1761 1889 po
1879 1862 1880 1879 p

422 1942 450 1985 ‚‚
475 1888 686 1987 scentiam,
709 1891 1019 1994 laudantiumque
1032 1893 1410 1988 jubilumaudiuntur
1423 1892 1626 1992 permixta.
1656 1891 1707 1967 Et
1719 1889 1762 1968 li·
1879 1908 1880 1933 ¹

421 2043 448 2085 „
473 1990 1164 2104 cet-incorporesanenturinnumeti,
1190 1993 1315 2096 plures
1325 2016 1452 2076 tamen
1463 1993 1602 2092 absque
1613 2015 1762 2091 compa-

424 2142 450 2185 „
474 2094 1096 2192 tattoneeripiunturaDaemone‚
1143 2122 1210 2174 uos
1222 2093 1383 2195 peccatis
1395 2092 1761 2189 pollidebatimmet·

419 2243 448 2287 „
472 2189 550 2270 sos.
578 2193 684 2293 Quid
697 2194 852 2273 reseram
873 2195 919 2274 de
930 2196 1093 2296 quodam
1108 2121 1326 2295 blasphemo
1348 2195 1387 2275 in
1397 2193 1571 2273 Deum&
1583 2190 1763 2286 Sauciet,

418 2344 445 2386 „
471 2290 534 2369 cui
562 2293 697 2375 tradita
724 2295 794 2373 fuit
822 2320 933 2396 parva
953 2295 1135 2398 particula
1161 2297 1358 2396 despanno
1383 2291 1645 2398 cappaesmtti
1673 2318 1758 2392 pra·

417 2444 446 2486 ‚,
470 2388 574 2488 sati,
610 2416 651 2474 ut
677 2395 782 2475 illius
809 2397 951 2475 virtute
978 2396 1161 2477 defistetet
1187 2422 1209 2475 a
1237 2396 1401 2496 peccatis
1427 2423 1439 2491 3
1475 2420 1588 2495 quem
1617 2393 1759 2493 recepit

417 2544 445 2590 ‚‚
470 2515 651 2591 corpore,
677 2495 737 2575 sed
764 2521 843 2577 nou
870 2519 998 2577 mente
1023 2551 1037 2594 ,
1063 2498 1259 2599 posuitque
1286 2497 1327 2577 in
1354 2495 1541 2596 marsupio
1568 2496 1636 2577 suo
1662 2492 1758 2574 forst·

417 2643 446 2689 „
472 2611 536 2670 tan
562 2618 650 2672 curn
664 2595 825 2676 taxillis.
853 2602 907 2677 At
928 2599 1152 2680 reversusad
1177 2596 1758 2677 domumdevotionemsuorum

320 2696 324 2701 “
416 2744 443 2788 ,,
469 2691 640 2806 urridens
675 2694 690 2793 s
715 2697 785 2777 suit
811 2699 917 2781 enim
955 2686 1040 2779 hod
1054 2699 1096 2779 in
1123 2699 1309 2801 principio
1337 2699 1567 2799 signorum)
1600 2696 1739 2811 accens

416 2846 443 2889 „
469 2818 558 2908 agne
584 2822 749 2897 pannum
776 2824 901 2901 cappa
923 2798 1023 2879 inter
1050 2826 1184 2903 prunas
1211 2800 1353 2885 locavit
1374 2799 1536 2900 ignitas,
1560 2818 1757 2899 cooperuit

418 2947 445 2989 ‚‚
471 2920 624 2994 ignem,
650 2900 687 2979 8<
712 2899 808 2980 abiit
835 2902 908 2982 sese
935 2896 1096 2998 belant,
1121 2902 1224 3003 quod
1250 2924 1376 2985 tantus
1402 2903 1494 2982 esset
1516 2955 1529 2995 ‚
1554 2900 1656 2999 quod
1682 2899 1759 2977 san·

416 3049 444 3090 ,‚
469 2993 519 3110 cli
548 3000 721 3098 potuisset
749 3004 972 3083 comburere
997 3028 1174 3104 cappam.
1201 3000 1496 3083 citauerunt
1523 3012 1649 3083 autem
1676 2996 1758 3097 post

415 3148 443 3191 „
471 3097 652 3196 biduum,
678 3102 789 3181 tertia
815 3103 959 3183 scilicet
985 3104 1071 3199 die,
1096 3129 1185 3183 cum
1214 3103 1384 3205 praefatus
1407 3102 1499 3180 ludo
1519 3114 1672 3185 ornnem
1696 3120 1759 3198 pe·

412 3250 439 3291 „
465 3199 615 3281 cuniam
643 3201 838 3297 amisisset,
862 3206 1051 3305 querebat
1077 3203 1250 3285 solertius
1275 3231 1324 3284 an
1345 3203 1488 3303 aliquid
1511 3203 1592 3286 aris
1613 3224 1754 3285 teman

256 3401 259 3409 1
413 3350 440 3391 ‚‚
466 3296 558 3378 filset
596 3301 772 3383 imbutio
810 3303 948 3385 iterum
990 3307 1034 3383 ad
1073 3305 1320 3400 ludendum,
1357 3328 1427 3385 nec
1465 3304 1571 3384 aliud
1607 3300 1758 3380 invenit

365 3481 371 3489 .
415 3449 442 3490 tt
467 3423 580 3497 quam
609 3427 774 3503 pannum
786 3404 918 3505 beati,
942 3431 1057 3508 quem
1080 3406 1217 3487 nudius
1239 3407 1372 3487 tertius
1394 3408 1548 3506 putabat
1569 3406 1641 3485 else
1660 3426 1770 3482 com.

415 3548 442 3591 ‚‚
469 3499 641 3614 bustum.
668 3508 760 3607 Quo
788 3506 891 3603 vilo,
918 3506 959 3586 in
985 3508 1112 3586 anima
1137 3505 1283 3604 tacius,
1308 3507 1420 3587 corde
1447 3506 1491 3585 u.
1511 3508 1645 3607 lingua
1670 3528 1770 3584 con.

414 3651 442 3693 „
467 3619 580 3683 trttus
604 3608 720 3708 coepit
747 3607 800 3686 tei
829 3609 1027 3711 praedicate
1050 3609 1261 3709 magnalia,
1286 3609 1323 3687 8<
1345 3608 1447 3686 intus
1471 3606 1682 3692 obstinatus
1707 3604 1762 3684 lu·

413 3752 440 3793 n
467 3726 536 3819 pus
562 3711 687 3788 versus
713 3709 754 3788 in
783 3735 924 3811 agnum
954 3711 1114 3813 pandere
1143 3711 1301 3793 verbum
1330 3704 1499 3789 dicitur:
1538 3708 1661 3807 sieque
1688 3728 1761 3784 cut·

412 3854 444 3898 ‚,
469 3829 524 3903 ptr
549 3806 649 3888 sama
676 3809 912 3892 incivitate
939 3812 1079 3891 clarius
1105 3811 1278 3890 dilatari.
1305 3812 1422 3889 Nunc
1449 3832 1577 3889 autem
1604 3827 1763 3887 currunt

412 3907 632 4012 „undique
660 3910 765 3991 senes
791 3913 826 3991 u
854 3911 1027 4013 paruuli,
1053 3912 1243 4009 juvenes,
1269 3911 1306 3993 &
1335 3909 1513 4008 Virgines
1537 3910 1585 3989 ad
1611 3907 1764 4001 laudan<

302 4084 305 4085 f
413 4057 441 4101 ‚,
466 4007 558 4087 dum
584 4037 727 4107 nomen
756 4013 954 4108 Domini,
979 4013 1018 4093 u
1043 4038 1090 4091 eo
1116 4012 1218 4111 quod
1245 4010 1365 4111 magis
1393 4012 1540 4091 Fratres
1565 4009 1767 4103 suebant,

410 4158 438 4202 ‚‚
465 4108 775 4193 &occultabant
803 4138 993 4213 gemmam
1023 4113 1090 4191 sub
1114 4134 1210 4190 terra
1239 4113 1446 4208 latentem,
1474 4111 1614 4213 lapides
1638 4108 1764 4214 pradi-

319 4244 324 4251 ·
410 4263 438 4304 ‚‚
464 4213 602 4292 cabant
633 4213 674 4291 in
702 4213 831 4292 tellit.
858 4214 983 4293 Cursu
1011 4214 1114 4291 enim
1138 4212 1192 4290 sui
1221 4212 1408 4291 incolatus
1430 4216 1695 4292 consummato
1718 4207 1765 4287 fe·

412 4361 440 4406 ‚,
466 4310 567 4410 lici,
605 4314 683 4395 line
712 4315 789 4394 ulla
818 4314 1055 4396 solemnitate
1078 4313 1156 4415 suit
1190 4314 1348 4394 traditus
1374 4313 1572 4417 sepultura
1599 4372 1609 4391 .
1633 4308 1766 4493 ,fiQuud

1252 4444 1257 4451 ·
1579 4471 1606 4514 ‚,
1660 4437 1714 4493 ert
