<?xml version="1.0" encoding="UTF-8"?>
<!DOCTYPE html PUBLIC "-//W3C//DTD XHTML 1.0 Transitional//EN"
    "http://www.w3.org/TR/xhtml1/DTD/xhtml1-transitional.dtd">
<html xmlns="http://www.w3.org/1999/xhtml" xml:lang="en" lang="en">
 <head>
  <title>
</title>
<meta http-equiv="Content-Type" content="text/html;charset=utf-8" />
  <meta name='ocr-system' content='tesseract 3.04.00' />
  <meta name='ocr-capabilities' content='ocr_page ocr_carea ocr_par ocr_line ocrx_word'/>
</head>
<body>
  <div class='ocr_page' id='page_1' title='image "./ecclesiaeveneta01pasqgoog_0294.png"; bbox 0 0 3800 5342; ppageno 0'>
   <div class='ocr_carea' id='block_1_1' title="bbox 436 379 1467 491">
    <p class='ocr_par' dir='ltr' id='par_1_1' title="bbox 436 379 1467 491">
     <span class='ocr_line' id='line_1_1' title="bbox 436 379 1467 491; baseline -0.012 -23"><span class='ocrx_word' id='word_1_1' title='bbox 436 389 596 491; x_wconf 53' lang='lat'>·276,</span> <span class='ocrx_word' id='word_1_2' title='bbox 740 382 841 466; x_wconf 77' lang='lat' dir='ltr'><strong>De</strong></span> <span class='ocrx_word' id='word_1_3' title='bbox 902 379 1467 460; x_wconf 76' lang='lat' dir='ltr'><strong>Monasntanto</strong></span> 
     </span>
    </p>
   </div>
   <div class='ocr_carea' id='block_1_2' title="bbox 437 523 1871 1046">
    <p class='ocr_par' dir='ltr' id='par_1_2' title="bbox 437 523 1871 1046">
     <span class='ocr_line' id='line_1_2' title="bbox 437 523 1771 650; baseline -0.005 -37"><span class='ocrx_word' id='word_1_4' title='bbox 437 542 508 620; x_wconf 82' lang='lat' dir='ltr'><strong>stre</strong></span> <span class='ocrx_word' id='word_1_5' title='bbox 533 531 772 650; x_wconf 69' lang='lat' dir='ltr'><strong>simulacrum</strong></span> <span class='ocrx_word' id='word_1_6' title='bbox 799 528 839 606; x_wconf 92' lang='lat' dir='ltr'><strong>in</strong></span> <span class='ocrx_word' id='word_1_7' title='bbox 861 524 1064 630; x_wconf 88' lang='lat' dir='ltr'><strong>conspicuo</strong></span> <span class='ocrx_word' id='word_1_8' title='bbox 1089 523 1317 607; x_wconf 86' lang='lat' dir='ltr'><strong>Urbisloco</strong></span> <span class='ocrx_word' id='word_1_9' title='bbox 1344 523 1561 627; x_wconf 88' lang='lat' dir='ltr'><strong>ponendum</strong></span> <span class='ocrx_word' id='word_1_10' title='bbox 1588 526 1688 608; x_wconf 70' lang='lat' dir='ltr'><strong>SC</strong></span> <span class='ocrx_word' id='word_1_11' title='bbox 1714 533 1771 614; x_wconf 87' lang='lat' dir='ltr'><strong>de-</strong></span> 
     </span>
     <span class='ocr_line' id='line_1_3' title="bbox 440 656 1871 832; baseline -0.002 -18"><span class='ocrx_word' id='word_1_12' title='bbox 440 656 602 814; x_wconf 57' lang='lat' dir='ltr'><strong>erl-litae</strong></span> <span class='ocrx_word' id='word_1_13' title='bbox 628 729 781 812; x_wconf 81' lang='lat' dir='ltr'><strong>illustris</strong></span> <span class='ocrx_word' id='word_1_14' title='bbox 807 725 881 805; x_wconf 85' lang='lat' dir='ltr'><strong>viri</strong></span> <span class='ocrx_word' id='word_1_15' title='bbox 908 729 1064 809; x_wconf 87' lang='lat' dir='ltr'><strong>statuam</strong></span> <span class='ocrx_word' id='word_1_16' title='bbox 1085 728 1265 807; x_wconf 85' lang='lat' dir='ltr'><strong>naturalis</strong></span> <span class='ocrx_word' id='word_1_17' title='bbox 1291 726 1566 829; x_wconf 77' lang='lat' dir='ltr'><strong>magnitudinis</strong></span> <span class='ocrx_word' id='word_1_18' title='bbox 1596 754 1697 832; x_wconf 89' lang='lat' dir='ltr'><strong>equo</strong></span> <span class='ocrx_word' id='word_1_19' title='bbox 1722 732 1773 813; x_wconf 92' lang='lat' dir='ltr'><strong>iu·</strong></span> <span class='ocrx_word' id='word_1_20' title='bbox 1870 689 1871 768; x_wconf 39' lang='lat' dir='ltr'><strong>l</strong></span> 
     </span>
     <span class='ocr_line' id='line_1_4' title="bbox 438 828 1778 922; baseline -0.006 0"><span class='ocrx_word' id='word_1_21' title='bbox 438 844 618 922; x_wconf 84' lang='lat' dir='ltr'><strong>fidentem</strong></span> <span class='ocrx_word' id='word_1_22' title='bbox 657 855 704 913; x_wconf 85' lang='lat' dir='ltr'><strong>ex</strong></span> <span class='ocrx_word' id='word_1_23' title='bbox 739 855 810 910; x_wconf 83' lang='lat' dir='ltr'><strong>aare</strong></span> <span class='ocrx_word' id='word_1_24' title='bbox 845 830 1027 909; x_wconf 88' lang='lat' dir='ltr'><strong>conflavit</strong></span> <span class='ocrx_word' id='word_1_25' title='bbox 1053 828 1222 908; x_wconf 81' lang='lat' dir='ltr'>Andreas</span> <span class='ocrx_word' id='word_1_26' title='bbox 1259 829 1305 908; x_wconf 92' lang='lat' dir='ltr'><strong>de</strong></span> <span class='ocrx_word' id='word_1_27' title='bbox 1341 828 1554 909; x_wconf 89' lang='lat' dir='ltr'><strong>Verruchio</strong></span> <span class='ocrx_word' id='word_1_28' title='bbox 1592 832 1778 914; x_wconf 86' lang='lat' dir='ltr'><strong>Florenti·</strong></span> 
     </span>
     <span class='ocr_line' id='line_1_5' title="bbox 438 927 1772 1046; baseline 0.001 -31"><span class='ocrx_word' id='word_1_29' title='bbox 438 964 534 1033; x_wconf 80' lang='lat' dir='ltr'><strong>nuc,</strong></span> <span class='ocrx_word' id='word_1_30' title='bbox 561 935 752 1035; x_wconf 84' lang='lat' dir='ltr'><strong>ipsamque</strong></span> <span class='ocrx_word' id='word_1_31' title='bbox 779 955 997 1010; x_wconf 75' lang='lat' dir='ltr'><strong>marmoren</strong></span> <span class='ocrx_word' id='word_1_32' title='bbox 1018 927 1213 1030; x_wconf 82' lang='lat' dir='ltr'><strong>stylobatae</strong></span> <span class='ocrx_word' id='word_1_33' title='bbox 1233 928 1444 1033; x_wconf 81' lang='lat' dir='ltr'><strong>impositam</strong></span> <span class='ocrx_word' id='word_1_34' title='bbox 1467 929 1667 1046; x_wconf 78' lang='lat' dir='ltr'><strong>inpatenti</strong></span> <span class='ocrx_word' id='word_1_35' title='bbox 1693 961 1772 1015; x_wconf 80' lang='lat' dir='ltr'><strong>area</strong></span> 
     </span>
    </p>
   </div>
   <div class='ocr_carea' id='block_1_3' title="bbox 429 1029 1875 4261">
    <p class='ocr_par' dir='ltr' id='par_1_3' title="bbox 436 1029 1872 1337">
     <span class='ocr_line' id='line_1_6' title="bbox 439 1029 1872 1138; baseline -0.001 -23"><span class='ocrx_word' id='word_1_36' title='bbox 439 1045 636 1124; x_wconf 81' lang='lat' dir='ltr'><strong>Diuorum</strong></span> <span class='ocrx_word' id='word_1_37' title='bbox 662 1031 984 1134; x_wconf 80' lang='lat' dir='ltr'><strong>Joannis&amp;Pauli</strong></span> <span class='ocrx_word' id='word_1_38' title='bbox 1011 1029 1152 1110; x_wconf 86' lang='lat' dir='ltr'><strong>elevati</strong></span> <span class='ocrx_word' id='word_1_39' title='bbox 1179 1029 1274 1127; x_wconf 83' lang='lat' dir='ltr'><strong>juiiit</strong></span> <span class='ocrx_word' id='word_1_40' title='bbox 1300 1032 1482 1129; x_wconf 75' lang='lat' dir='ltr'><strong>Senatus,</strong></span> <span class='ocrx_word' id='word_1_41' title='bbox 1507 1033 1674 1133; x_wconf 82' lang='lat' dir='ltr'><strong>ingrati</strong></span> <span class='ocrx_word' id='word_1_42' title='bbox 1703 1038 1774 1116; x_wconf 85' lang='lat' dir='ltr'><strong>aui·</strong></span> <span class='ocrx_word' id='word_1_43' title='bbox 1871 1097 1872 1138; x_wconf 52' lang='lat'><em>3</em></span> 
     </span>
     <span class='ocr_line' id='line_1_7' title="bbox 436 1131 1872 1235; baseline -0.001 -18"><span class='ocrx_word' id='word_1_44' title='bbox 436 1145 493 1224; x_wconf 84' lang='lat' dir='ltr'><strong>mi</strong></span> <span class='ocrx_word' id='word_1_45' title='bbox 521 1134 777 1217; x_wconf 87' lang='lat' dir='ltr'><strong>testimonium</strong></span> <span class='ocrx_word' id='word_1_46' title='bbox 815 1159 902 1235; x_wconf 87' lang='lat' dir='ltr'><strong>erga</strong></span> <span class='ocrx_word' id='word_1_47' title='bbox 927 1131 1112 1214; x_wconf 82' lang='lat' dir='ltr'><strong>illustrem</strong></span> <span class='ocrx_word' id='word_1_48' title='bbox 1148 1131 1275 1210; x_wconf 85' lang='lat' dir='ltr'><strong>uirum</strong></span> <span class='ocrx_word' id='word_1_49' title='bbox 1311 1132 1357 1212; x_wconf 89' lang='lat' dir='ltr'><strong>de</strong></span> <span class='ocrx_word' id='word_1_50' title='bbox 1387 1133 1598 1233; x_wconf 88' lang='lat' dir='ltr'><strong>Republica</strong></span> <span class='ocrx_word' id='word_1_51' title='bbox 1633 1140 1775 1235; x_wconf 78' lang='lat' dir='ltr'><strong>optime</strong></span> <span class='ocrx_word' id='word_1_52' title='bbox 1871 1175 1872 1180; x_wconf 12' lang='grc' dir='ltr'><strong><em>Ν</em></strong></span> 
     </span>
     <span class='ocr_line' id='line_1_8' title="bbox 438 1231 1774 1337; baseline 0.004 -22"><span class='ocrx_word' id='word_1_53' title='bbox 438 1236 643 1324; x_wconf 81' lang='lat' dir='ltr'><strong>meritum:</strong></span> <span class='ocrx_word' id='word_1_54' title='bbox 671 1236 877 1337; x_wconf 78' lang='lat' dir='ltr'><strong>Stylobataa</strong></span> <span class='ocrx_word' id='word_1_55' title='bbox 903 1236 951 1315; x_wconf 88' lang='lat' dir='ltr'><strong>ab</strong></span> <span class='ocrx_word' id='word_1_56' title='bbox 979 1260 1057 1313; x_wconf 92' lang='lat' dir='ltr'><strong>uno</strong></span> <span class='ocrx_word' id='word_1_57' title='bbox 1077 1231 1520 1314; x_wconf 83' lang='lat' dir='ltr'><strong>lateteincisauisuntur</strong></span> <span class='ocrx_word' id='word_1_58' title='bbox 1542 1234 1619 1313; x_wconf 84' lang='lat' dir='ltr'><strong>haec</strong></span> <span class='ocrx_word' id='word_1_59' title='bbox 1640 1244 1774 1321; x_wconf 88' lang='lat' dir='ltr'><strong>verba:</strong></span> 
     </span>
    </p>

    <p class='ocr_par' dir='ltr' id='par_1_4' title="bbox 448 1327 1777 1440">
     <span class='ocr_line' id='line_1_9' title="bbox 448 1327 1777 1440; baseline 0.003 -25"><span class='ocrx_word' id='word_1_60' title='bbox 448 1375 452 1388; x_wconf 93' lang='lat'>·</span> <span class='ocrx_word' id='word_1_61' title='bbox 489 1332 752 1424; x_wconf 77' lang='lat' dir='ltr'><strong>Bartholomaeo</strong></span> <span class='ocrx_word' id='word_1_62' title='bbox 778 1330 930 1416; x_wconf 82' lang='lat' dir='ltr'><strong>coleman</strong></span> <span class='ocrx_word' id='word_1_63' title='bbox 949 1334 1180 1436; x_wconf 78' lang='lat' dir='ltr'><strong>Bergamenſs</strong></span> <span class='ocrx_word' id='word_1_64' title='bbox 1204 1334 1248 1414; x_wconf 83' lang='lat' dir='ltr'><strong>ob</strong></span> <span class='ocrx_word' id='word_1_65' title='bbox 1274 1327 1442 1416; x_wconf 68' lang='lat' dir='ltr'><strong>militaro</strong></span> <span class='ocrx_word' id='word_1_66' title='bbox 1464 1334 1662 1435; x_wconf 80' lang='lat' dir='ltr'><strong>Imperium</strong></span> <span class='ocrx_word' id='word_1_67' title='bbox 1689 1341 1777 1440; x_wconf 84' lang='lat' dir='ltr'><strong>opti·</strong></span> 
     </span>
    </p>

    <p class='ocr_par' dir='ltr' id='par_1_5' title="bbox 438 1443 681 1541">
     <span class='ocr_line' id='line_1_10' title="bbox 438 1443 681 1541; baseline -0.008 -23"><span class='ocrx_word' id='word_1_68' title='bbox 438 1472 499 1526; x_wconf 83' lang='lat' dir='ltr'><strong>me</strong></span> <span class='ocrx_word' id='word_1_69' title='bbox 519 1443 681 1541; x_wconf 72' lang='lat' dir='ltr'><strong>gessum.</strong></span> 
     </span>
    </p>

    <p class='ocr_par' dir='ltr' id='par_1_6' title="bbox 489 1543 1873 1648">
     <span class='ocr_line' id='line_1_11' title="bbox 489 1543 1873 1648; baseline -0.006 -21"><span class='ocrx_word' id='word_1_70' title='bbox 489 1544 554 1627; x_wconf 84' lang='lat' dir='ltr'><strong>Ab</strong></span> <span class='ocrx_word' id='word_1_71' title='bbox 580 1543 699 1623; x_wconf 87' lang='lat' dir='ltr'><strong>altero</strong></span> <span class='ocrx_word' id='word_1_72' title='bbox 726 1567 839 1621; x_wconf 87' lang='lat' dir='ltr'><strong>vero.</strong></span> <span class='ocrx_word' id='word_1_73' title='bbox 1872 1577 1873 1648; x_wconf 57' lang='grc'>;</span> 
     </span>
    </p>

    <p class='ocr_par' dir='ltr' id='par_1_7' title="bbox 439 1637 1873 2348">
     <span class='ocr_line' id='line_1_12' title="bbox 478 1637 1772 1749; baseline -0.001 -25"><span class='ocrx_word' id='word_1_74' title='bbox 478 1657 515 1749; x_wconf 87' lang='lat' dir='ltr'><em>J</em></span> <span class='ocrx_word' id='word_1_75' title='bbox 516 1677 550 1725; x_wconf 85' lang='lat'><strong>0:</strong></span> <span class='ocrx_word' id='word_1_76' title='bbox 564 1639 929 1736; x_wconf 64' lang='lat' dir='ltr'><strong>Mauretanaarino</strong></span> <span class='ocrx_word' id='word_1_77' title='bbox 940 1639 1087 1720; x_wconf 67' lang='lat' dir='ltr'><strong>Wnerio</strong></span> <span class='ocrx_word' id='word_1_78' title='bbox 1097 1639 1329 1722; x_wconf 78' lang='lat' dir='ltr'><strong>curatoribus</strong></span> <span class='ocrx_word' id='word_1_79' title='bbox 1341 1650 1441 1738; x_wconf 78' lang='lat' dir='ltr'><strong>Ana.</strong></span> <span class='ocrx_word' id='word_1_80' title='bbox 1452 1637 1772 1724; x_wconf 78' lang='lat' dir='ltr'><strong>SalMccccxcv.</strong></span> 
     </span>
     <span class='ocr_line' id='line_1_13' title="bbox 451 1742 1772 1846; baseline -0.002 -20"><span class='ocrx_word' id='word_1_81' title='bbox 451 1757 471 1792; x_wconf 84' lang='lat'><strong>¹&#39;</strong></span> <span class='ocrx_word' id='word_1_82' title='bbox 491 1750 550 1826; x_wconf 85' lang='lat' dir='ltr'><strong>Ex</strong></span> <span class='ocrx_word' id='word_1_83' title='bbox 578 1744 766 1846; x_wconf 63' lang='lat' dir='ltr'><strong>incendiisn</strong></span> <span class='ocrx_word' id='word_1_84' title='bbox 787 1742 947 1823; x_wconf 82' lang='lat' dir='ltr'><strong>fortuito</strong></span> <span class='ocrx_word' id='word_1_85' title='bbox 973 1742 1114 1823; x_wconf 85' lang='lat' dir='ltr'><strong>exortis</strong></span> <span class='ocrx_word' id='word_1_86' title='bbox 1142 1743 1418 1824; x_wconf 83' lang='lat' dir='ltr'><strong>Monalierium</strong></span> <span class='ocrx_word' id='word_1_87' title='bbox 1447 1746 1519 1824; x_wconf 89' lang='lat' dir='ltr'><strong>hoc</strong></span> <span class='ocrx_word' id='word_1_88' title='bbox 1556 1772 1637 1825; x_wconf 90' lang='lat' dir='ltr'><strong>non</strong></span> <span class='ocrx_word' id='word_1_89' title='bbox 1666 1748 1772 1826; x_wconf 88' lang='lat' dir='ltr'><strong>semel</strong></span> 
     </span>
     <span class='ocr_line' id='line_1_14' title="bbox 441 1843 1773 1945; baseline -0.001 -18"><span class='ocrx_word' id='word_1_90' title='bbox 441 1846 713 1945; x_wconf 83' lang='lat' dir='ltr'><strong>conflagravit,</strong></span> <span class='ocrx_word' id='word_1_91' title='bbox 739 1871 840 1925; x_wconf 86' lang='lat' dir='ltr'><strong>anno</strong></span> <span class='ocrx_word' id='word_1_92' title='bbox 866 1844 1009 1924; x_wconf 81' lang='lat' dir='ltr'><strong>etenim</strong></span> <span class='ocrx_word' id='word_1_93' title='bbox 1037 1843 1315 1923; x_wconf 79' lang='lat' dir='ltr'><strong>Mcccccxxxv.</strong></span> <span class='ocrx_word' id='word_1_94' title='bbox 1343 1845 1405 1926; x_wconf 90' lang='lat' dir='ltr'><strong>die</strong></span> <span class='ocrx_word' id='word_1_95' title='bbox 1431 1845 1569 1925; x_wconf 81' lang='lat' dir='ltr'><strong>ultima</strong></span> <span class='ocrx_word' id='word_1_96' title='bbox 1591 1848 1694 1927; x_wconf 86' lang='lat' dir='ltr'><strong>Maii</strong></span> <span class='ocrx_word' id='word_1_97' title='bbox 1718 1874 1773 1926; x_wconf 82' lang='lat' dir='ltr'><strong>no</strong></span> 
     </span>
     <span class='ocr_line' id='line_1_15' title="bbox 439 1945 1873 2051; baseline -0.002 -25"><span class='ocrx_word' id='word_1_98' title='bbox 439 1949 498 2027; x_wconf 73' lang='lat' dir='ltr'><strong>eie</strong></span> <span class='ocrx_word' id='word_1_99' title='bbox 526 1947 757 2051; x_wconf 72' lang='lat' dir='ltr'><strong>praecedente</strong></span> <span class='ocrx_word' id='word_1_100' title='bbox 783 1945 931 2024; x_wconf 83' lang='lat' dir='ltr'><strong>Feriam</strong></span> <span class='ocrx_word' id='word_1_101' title='bbox 961 1968 1013 2022; x_wconf 87' lang='lat' dir='ltr'><strong>vt.</strong></span> <span class='ocrx_word' id='word_1_102' title='bbox 1042 1945 1284 2041; x_wconf 85' lang='lat' dir='ltr'><strong>Parasoeves‚</strong></span> <span class='ocrx_word' id='word_1_103' title='bbox 1309 1970 1397 2026; x_wconf 90' lang='lat' dir='ltr'><strong>cutn</strong></span> <span class='ocrx_word' id='word_1_104' title='bbox 1425 1947 1465 2025; x_wconf 92' lang='lat' dir='ltr'><strong>in</strong></span> <span class='ocrx_word' id='word_1_105' title='bbox 1487 1947 1664 2049; x_wconf 83' lang='lat' dir='ltr'><strong>proximo</strong></span> <span class='ocrx_word' id='word_1_106' title='bbox 1688 1947 1772 2026; x_wconf 81' lang='lat' dir='ltr'><strong>Diui</strong></span> <span class='ocrx_word' id='word_1_107' title='bbox 1871 1963 1873 2048; x_wconf 70' lang='lat' dir='ltr'><strong>l</strong></span> 
     </span>
     <span class='ocr_line' id='line_1_16' title="bbox 441 2045 1775 2148; baseline -0.002 -20"><span class='ocrx_word' id='word_1_108' title='bbox 441 2050 569 2131; x_wconf 85' lang='lat' dir='ltr'><strong>Marci</strong></span> <span class='ocrx_word' id='word_1_109' title='bbox 597 2046 761 2147; x_wconf 87' lang='lat' dir='ltr'><strong>hospitio</strong></span> <span class='ocrx_word' id='word_1_110' title='bbox 787 2046 938 2147; x_wconf 84' lang='lat' dir='ltr'><strong>qnidam</strong></span> <span class='ocrx_word' id='word_1_111' title='bbox 962 2045 1136 2124; x_wconf 87' lang='lat' dir='ltr'><strong>Sodalitii</strong></span> <span class='ocrx_word' id='word_1_112' title='bbox 1174 2046 1295 2125; x_wconf 76' lang='lat' dir='ltr'><strong>custos</strong></span> <span class='ocrx_word' id='word_1_113' title='bbox 1319 2072 1447 2127; x_wconf 89' lang='lat' dir='ltr'><strong>cereos</strong></span> <span class='ocrx_word' id='word_1_114' title='bbox 1482 2050 1631 2148; x_wconf 87' lang='lat' dir='ltr'><strong>aliquos</strong></span> <span class='ocrx_word' id='word_1_115' title='bbox 1656 2048 1775 2126; x_wconf 86' lang='lat' dir='ltr'><strong>incau</strong></span> 
     </span>
     <span class='ocr_line' id='line_1_17' title="bbox 440 2145 1774 2250; baseline -0.003 -21"><span class='ocrx_word' id='word_1_116' title='bbox 440 2170 478 2229; x_wconf 89' lang='lat' dir='ltr'><strong>te</strong></span> <span class='ocrx_word' id='word_1_117' title='bbox 505 2150 678 2232; x_wconf 83' lang='lat' dir='ltr'><strong>accensos</strong></span> <span class='ocrx_word' id='word_1_118' title='bbox 705 2147 942 2250; x_wconf 77' lang='lat' dir='ltr'><strong>reliquisset,</strong></span> <span class='ocrx_word' id='word_1_119' title='bbox 983 2170 1030 2224; x_wconf 85' lang='lat' dir='ltr'><strong>ex</strong></span> <span class='ocrx_word' id='word_1_120' title='bbox 1056 2145 1110 2225; x_wconf 85' lang='lat' dir='ltr'><strong>eis</strong></span> <span class='ocrx_word' id='word_1_121' title='bbox 1133 2147 1286 2225; x_wconf 83' lang='lat' dir='ltr'><strong>suborta</strong></span> <span class='ocrx_word' id='word_1_122' title='bbox 1312 2149 1467 2225; x_wconf 87' lang='lat' dir='ltr'><strong>flamma</strong></span> <span class='ocrx_word' id='word_1_123' title='bbox 1492 2149 1701 2248; x_wconf 84' lang='lat' dir='ltr'><strong>hospitium</strong></span> <span class='ocrx_word' id='word_1_124' title='bbox 1726 2148 1774 2248; x_wconf 91' lang='lat' dir='ltr'><strong>ip·</strong></span> 
     </span>
     <span class='ocr_line' id='line_1_18' title="bbox 441 2244 1590 2348; baseline 0 -21"><span class='ocrx_word' id='word_1_125' title='bbox 441 2251 550 2348; x_wconf 79' lang='lat' dir='ltr'><strong>suan,</strong></span> <span class='ocrx_word' id='word_1_126' title='bbox 574 2248 610 2326; x_wconf 81' lang='grc'><strong>8(</strong></span> <span class='ocrx_word' id='word_1_127' title='bbox 637 2249 889 2327; x_wconf 85' lang='lat' dir='ltr'><strong>adhaerentem</strong></span> <span class='ocrx_word' id='word_1_128' title='bbox 917 2244 1142 2327; x_wconf 88' lang='lat' dir='ltr'><strong>Monasletii</strong></span> <span class='ocrx_word' id='word_1_129' title='bbox 1170 2270 1316 2345; x_wconf 83' lang='lat' dir='ltr'><strong>purtem</strong></span> <span class='ocrx_word' id='word_1_130' title='bbox 1344 2247 1590 2348; x_wconf 84' lang='lat' dir='ltr'><strong>consumpfit.</strong></span> 
     </span>
    </p>

    <p class='ocr_par' dir='ltr' id='par_1_8' title="bbox 434 2348 1875 3157">
     <span class='ocr_line' id='line_1_19' title="bbox 489 2348 1771 2446; baseline -0.003 -15"><span class='ocrx_word' id='word_1_131' title='bbox 489 2357 608 2431; x_wconf 84' lang='lat' dir='ltr'><strong>Anno</strong></span> <span class='ocrx_word' id='word_1_132' title='bbox 633 2348 1297 2446; x_wconf 72' lang='lat' dir='ltr'><strong>deindeMucxxndiexuttnlulii</strong></span> <span class='ocrx_word' id='word_1_133' title='bbox 1324 2348 1499 2428; x_wconf 89' lang='lat' dir='ltr'><strong>nonnulli</strong></span> <span class='ocrx_word' id='word_1_134' title='bbox 1514 2374 1561 2427; x_wconf 83' lang='lat' dir='ltr'><strong>ex</strong></span> <span class='ocrx_word' id='word_1_135' title='bbox 1573 2349 1771 2428; x_wconf 86' lang='lat' dir='ltr'><strong>Germania</strong></span> 
     </span>
     <span class='ocr_line' id='line_1_20' title="bbox 436 2448 1773 2547; baseline -0.001 -19"><span class='ocrx_word' id='word_1_136' title='bbox 436 2451 611 2542; x_wconf 69' lang='lat' dir='ltr'><strong>militen,</strong></span> <span class='ocrx_word' id='word_1_137' title='bbox 637 2450 702 2547; x_wconf 90' lang='lat' dir='ltr'><strong>qui</strong></span> <span class='ocrx_word' id='word_1_138' title='bbox 730 2451 871 2527; x_wconf 81' lang='lat' dir='ltr'><strong>Senatu</strong></span> <span class='ocrx_word' id='word_1_139' title='bbox 900 2449 1050 2546; x_wconf 82' lang='lat' dir='ltr'><strong>jubente</strong></span> <span class='ocrx_word' id='word_1_140' title='bbox 1087 2449 1128 2528; x_wconf 90' lang='lat' dir='ltr'><strong>in</strong></span> <span class='ocrx_word' id='word_1_141' title='bbox 1156 2449 1397 2529; x_wconf 74' lang='lat' dir='ltr'><strong>inferioribus</strong></span> <span class='ocrx_word' id='word_1_142' title='bbox 1424 2448 1649 2528; x_wconf 81' lang='lat' dir='ltr'><strong>Monailerii</strong></span> <span class='ocrx_word' id='word_1_143' title='bbox 1676 2449 1773 2529; x_wconf 89' lang='lat' dir='ltr'><strong>cubi·</strong></span> 
     </span>
     <span class='ocr_line' id='line_1_21' title="bbox 437 2548 1874 2650; baseline -0.001 -22"><span class='ocrx_word' id='word_1_144' title='bbox 437 2552 534 2630; x_wconf 88' lang='lat' dir='ltr'><strong>culis</strong></span> <span class='ocrx_word' id='word_1_145' title='bbox 562 2548 758 2629; x_wconf 82' lang='lat' dir='ltr'><strong>stationem</strong></span> <span class='ocrx_word' id='word_1_146' title='bbox 788 2550 978 2627; x_wconf 88' lang='lat' dir='ltr'><strong>habebant</strong></span> <span class='ocrx_word' id='word_1_147' title='bbox 999 2606 1012 2648; x_wconf 89' lang='lat'>‚</span> <span class='ocrx_word' id='word_1_148' title='bbox 1037 2576 1126 2631; x_wconf 91' lang='lat' dir='ltr'><strong>cum</strong></span> <span class='ocrx_word' id='word_1_149' title='bbox 1155 2551 1278 2629; x_wconf 86' lang='lat' dir='ltr'><strong>multo</strong></span> <span class='ocrx_word' id='word_1_150' title='bbox 1305 2549 1398 2627; x_wconf 89' lang='lat' dir='ltr'><strong>vino</strong></span> <span class='ocrx_word' id='word_1_151' title='bbox 1425 2550 1572 2650; x_wconf 85' lang='lat' dir='ltr'><strong>gravati</strong></span> <span class='ocrx_word' id='word_1_152' title='bbox 1599 2551 1692 2650; x_wconf 85' lang='lat' dir='ltr'><strong>igne</strong></span> <span class='ocrx_word' id='word_1_153' title='bbox 1716 2549 1774 2628; x_wconf 90' lang='lat' dir='ltr'><strong>ad·</strong></span> <span class='ocrx_word' id='word_1_154' title='bbox 1873 2551 1874 2592; x_wconf 72' lang='lat'>³</span> 
     </span>
     <span class='ocr_line' id='line_1_22' title="bbox 436 2650 1775 2752; baseline -0.001 -24"><span class='ocrx_word' id='word_1_155' title='bbox 436 2651 514 2730; x_wconf 92' lang='lat' dir='ltr'><strong>huc</strong></span> <span class='ocrx_word' id='word_1_156' title='bbox 541 2650 696 2730; x_wconf 83' lang='lat' dir='ltr'><strong>accenso</strong></span> <span class='ocrx_word' id='word_1_157' title='bbox 722 2650 1025 2747; x_wconf 75' lang='lat' dir='ltr'><strong>obdormissent,</strong></span> <span class='ocrx_word' id='word_1_158' title='bbox 1060 2653 1247 2752; x_wconf 77' lang='lat' dir='ltr'><strong>serpentes</strong></span> <span class='ocrx_word' id='word_1_159' title='bbox 1282 2651 1329 2728; x_wconf 85' lang='lat' dir='ltr'><strong>ad</strong></span> <span class='ocrx_word' id='word_1_160' title='bbox 1358 2650 1498 2729; x_wconf 77' lang='lat' dir='ltr'><strong>tedium</strong></span> <span class='ocrx_word' id='word_1_161' title='bbox 1533 2653 1698 2729; x_wconf 75' lang='lat' dir='ltr'><strong>flammae</strong></span> <span class='ocrx_word' id='word_1_162' title='bbox 1720 2650 1775 2727; x_wconf 89' lang='lat' dir='ltr'><strong>in·</strong></span> 
     </span>
     <span class='ocr_line' id='line_1_23' title="bbox 434 2748 1777 2852; baseline -0.002 -21"><span class='ocrx_word' id='word_1_163' title='bbox 434 2751 613 2832; x_wconf 90' lang='lat' dir='ltr'><strong>cendium</strong></span> <span class='ocrx_word' id='word_1_164' title='bbox 642 2750 888 2848; x_wconf 80' lang='lat' dir='ltr'><strong>excitarunt,</strong></span> <span class='ocrx_word' id='word_1_165' title='bbox 924 2775 972 2832; x_wconf 81' lang='lat' dir='ltr'><strong>ex</strong></span> <span class='ocrx_word' id='word_1_166' title='bbox 997 2777 1073 2852; x_wconf 91' lang='lat' dir='ltr'><strong>quo</strong></span> <span class='ocrx_word' id='word_1_167' title='bbox 1101 2751 1229 2850; x_wconf 85' lang='lat' dir='ltr'><strong>potior</strong></span> <span class='ocrx_word' id='word_1_168' title='bbox 1251 2748 1483 2830; x_wconf 88' lang='lat' dir='ltr'><strong>Dormitotii</strong></span> <span class='ocrx_word' id='word_1_169' title='bbox 1519 2752 1664 2851; x_wconf 80' lang='lat' dir='ltr'><strong>pars‘&amp;</strong></span> <span class='ocrx_word' id='word_1_170' title='bbox 1691 2750 1777 2828; x_wconf 72' lang='lat' dir='ltr'><strong>rese</strong></span> 
     </span>
     <span class='ocr_line' id='line_1_24' title="bbox 434 2850 1775 2952; baseline -0.003 -20"><span class='ocrx_word' id='word_1_171' title='bbox 434 2852 598 2932; x_wconf 69' lang='lat' dir='ltr'><strong>alonium</strong></span> <span class='ocrx_word' id='word_1_172' title='bbox 625 2877 714 2932; x_wconf 86' lang='lat' dir='ltr'><strong>cunt</strong></span> <span class='ocrx_word' id='word_1_173' title='bbox 743 2851 947 2952; x_wconf 86' lang='lat' dir='ltr'><strong>Tytocinii</strong></span> <span class='ocrx_word' id='word_1_174' title='bbox 975 2852 1114 2930; x_wconf 80' lang='lat' dir='ltr'><strong>aedibus</strong></span> <span class='ocrx_word' id='word_1_175' title='bbox 1140 2852 1453 2950; x_wconf 79' lang='lat' dir='ltr'><strong>conflagrarunt,</strong></span> <span class='ocrx_word' id='word_1_176' title='bbox 1487 2877 1564 2951; x_wconf 89' lang='lat' dir='ltr'><strong>quo</strong></span> <span class='ocrx_word' id='word_1_177' title='bbox 1590 2874 1638 2929; x_wconf 87' lang='lat' dir='ltr'><strong>ex</strong></span> <span class='ocrx_word' id='word_1_178' title='bbox 1663 2850 1775 2928; x_wconf 86' lang='lat' dir='ltr'><strong>insoc-</strong></span> 
     </span>
     <span class='ocr_line' id='line_1_25' title="bbox 435 2950 1875 3056; baseline -0.006 -24"><span class='ocrx_word' id='word_1_179' title='bbox 435 2954 549 3035; x_wconf 91' lang='lat' dir='ltr'><strong>tunio</strong></span> <span class='ocrx_word' id='word_1_180' title='bbox 576 2952 687 3056; x_wconf 88' lang='lat' dir='ltr'><strong>periit</strong></span> <span class='ocrx_word' id='word_1_181' title='bbox 714 2953 856 3031; x_wconf 83' lang='lat' dir='ltr'><strong>eximia</strong></span> <span class='ocrx_word' id='word_1_182' title='bbox 881 2978 903 3028; x_wconf 91' lang='lat' dir='ltr'><strong>a</strong></span> <span class='ocrx_word' id='word_1_183' title='bbox 930 2951 1091 3031; x_wconf 87' lang='lat' dir='ltr'><strong>Titiano</strong></span> <span class='ocrx_word' id='word_1_184' title='bbox 1116 2950 1261 3052; x_wconf 74' lang='lat' dir='ltr'><strong>depidla</strong></span> <span class='ocrx_word' id='word_1_185' title='bbox 1282 2951 1477 3048; x_wconf 70' lang='lat' dir='ltr'><strong>Tabula,</strong></span> <span class='ocrx_word' id='word_1_186' title='bbox 1510 2977 1585 3051; x_wconf 86' lang='lat' dir='ltr'><strong>qua</strong></span> <span class='ocrx_word' id='word_1_187' title='bbox 1608 2950 1776 3029; x_wconf 69' lang='lat' dir='ltr'><strong>Refecto</strong></span> <span class='ocrx_word' id='word_1_188' title='bbox 1874 2951 1875 3024; x_wconf 77' lang='lat'><em>3</em></span> 
     </span>
     <span class='ocr_line' id='line_1_26' title="bbox 437 3053 1875 3157; baseline -0.009 -25"><span class='ocrx_word' id='word_1_189' title='bbox 437 3056 486 3135; x_wconf 88' lang='lat' dir='ltr'><strong>rii</strong></span> <span class='ocrx_word' id='word_1_190' title='bbox 515 3053 726 3157; x_wconf 67' lang='lat' dir='ltr'><strong>prospectus</strong></span> <span class='ocrx_word' id='word_1_191' title='bbox 753 3056 973 3152; x_wconf 84' lang='lat' dir='ltr'><strong>tegebatur.</strong></span> <span class='ocrx_word' id='word_1_192' title='bbox 1874 3065 1875 3086; x_wconf 63' lang='lat'>¹</span> 
     </span>
    </p>

    <p class='ocr_par' dir='ltr' id='par_1_9' title="bbox 436 3148 1875 3633">
     <span class='ocr_line' id='line_1_27' title="bbox 489 3148 1780 3254; baseline -0.005 -20"><span class='ocrx_word' id='word_1_193' title='bbox 489 3158 602 3234; x_wconf 86' lang='lat' dir='ltr'><strong>Haud</strong></span> <span class='ocrx_word' id='word_1_194' title='bbox 639 3156 761 3232; x_wconf 87' lang='lat' dir='ltr'><strong>molto</strong></span> <span class='ocrx_word' id='word_1_195' title='bbox 797 3154 876 3254; x_wconf 82' lang='lat' dir='ltr'><strong>poli</strong></span> <span class='ocrx_word' id='word_1_196' title='bbox 910 3178 1013 3231; x_wconf 86' lang='lat' dir='ltr'><strong>anno</strong></span> <span class='ocrx_word' id='word_1_197' title='bbox 1049 3152 1194 3233; x_wconf 87' lang='lat' dir='ltr'><strong>scilicet</strong></span> <span class='ocrx_word' id='word_1_198' title='bbox 1218 3152 1413 3234; x_wconf 81' lang='lat' dir='ltr'><strong>Monte.</strong></span> <span class='ocrx_word' id='word_1_199' title='bbox 1450 3150 1517 3231; x_wconf 81' lang='lat' dir='ltr'><strong>die</strong></span> <span class='ocrx_word' id='word_1_200' title='bbox 1539 3176 1573 3231; x_wconf 87' lang='lat' dir='ltr'><strong>v.</strong></span> <span class='ocrx_word' id='word_1_201' title='bbox 1597 3148 1780 3229; x_wconf 76' lang='lat' dir='ltr'><strong>Odiobtic</strong></span> 
     </span>
     <span class='ocr_line' id='line_1_28' title="bbox 437 3248 1780 3353; baseline -0.004 -21"><span class='ocrx_word' id='word_1_202' title='bbox 437 3256 679 3335; x_wconf 81' lang='lat' dir='ltr'><strong>solemnitate</strong></span> <span class='ocrx_word' id='word_1_203' title='bbox 706 3255 768 3331; x_wconf 84' lang='lat' dir='ltr'><strong>SS.</strong></span> <span class='ocrx_word' id='word_1_204' title='bbox 797 3253 943 3333; x_wconf 83' lang='lat' dir='ltr'><strong>Rosatii</strong></span> <span class='ocrx_word' id='word_1_205' title='bbox 971 3275 1211 3351; x_wconf 84' lang='lat' dir='ltr'><strong>recurrente,</strong></span> <span class='ocrx_word' id='word_1_206' title='bbox 1233 3278 1282 3332; x_wconf 82' lang='lat' dir='ltr'><strong>ex</strong></span> <span class='ocrx_word' id='word_1_207' title='bbox 1308 3253 1500 3353; x_wconf 78' lang='lat' dir='ltr'><strong>cujusdam</strong></span> <span class='ocrx_word' id='word_1_208' title='bbox 1523 3248 1780 3332; x_wconf 80' lang='lat' dir='ltr'><strong>FratrisLaici</strong></span> 
     </span>
     <span class='ocr_line' id='line_1_29' title="bbox 440 3350 1776 3456; baseline -0.004 -24"><span class='ocrx_word' id='word_1_209' title='bbox 440 3355 676 3455; x_wconf 83' lang='lat' dir='ltr'><strong>negligentia</strong></span> <span class='ocrx_word' id='word_1_210' title='bbox 703 3353 804 3453; x_wconf 85' lang='lat' dir='ltr'><strong>ignis</strong></span> <span class='ocrx_word' id='word_1_211' title='bbox 829 3382 852 3433; x_wconf 89' lang='lat' dir='ltr'><strong>e</strong></span> <span class='ocrx_word' id='word_1_212' title='bbox 876 3353 1017 3436; x_wconf 83' lang='lat' dir='ltr'><strong>clibani</strong></span> <span class='ocrx_word' id='word_1_213' title='bbox 1046 3354 1305 3456; x_wconf 81' lang='lat' dir='ltr'><strong>promptuario</strong></span> <span class='ocrx_word' id='word_1_214' title='bbox 1331 3352 1652 3455; x_wconf 70' lang='lat' dir='ltr'><strong>erumpensndes</strong></span> <span class='ocrx_word' id='word_1_215' title='bbox 1678 3350 1776 3428; x_wconf 88' lang='lat' dir='ltr'><strong>infit·</strong></span> 
     </span>
     <span class='ocr_line' id='line_1_30' title="bbox 440 3452 1775 3569; baseline -0.002 -38"><span class='ocrx_word' id='word_1_216' title='bbox 440 3455 514 3569; x_wconf 62' lang='lat' dir='ltr'><strong>mie</strong></span> <span class='ocrx_word' id='word_1_217' title='bbox 551 3455 782 3553; x_wconf 85' lang='lat' dir='ltr'><strong>destinatas,</strong></span> <span class='ocrx_word' id='word_1_218' title='bbox 816 3463 928 3558; x_wconf 87' lang='lat' dir='ltr'><strong>atque</strong></span> <span class='ocrx_word' id='word_1_219' title='bbox 965 3458 1149 3536; x_wconf 82' lang='lat' dir='ltr'><strong>nonnulla</strong></span> <span class='ocrx_word' id='word_1_220' title='bbox 1186 3455 1414 3538; x_wconf 82' lang='lat' dir='ltr'><strong>adhaerentia</strong></span> <span class='ocrx_word' id='word_1_221' title='bbox 1451 3453 1631 3534; x_wconf 82' lang='lat' dir='ltr'><strong>cubicula</strong></span> <span class='ocrx_word' id='word_1_222' title='bbox 1665 3452 1775 3529; x_wconf 84' lang='lat' dir='ltr'><strong>devo·</strong></span> 
     </span>
     <span class='ocr_line' id='line_1_31' title="bbox 436 3575 1875 3633; baseline -0.008 -2"><span class='ocrx_word' id='word_1_223' title='bbox 436 3575 556 3633; x_wconf 79' lang='lat' dir='ltr'><strong>tavit.</strong></span> <span class='ocrx_word' id='word_1_224' title='bbox 932 3617 948 3626; x_wconf 79' lang='grc'><strong>.,</strong></span> <span class='ocrx_word' id='word_1_225' title='bbox 1873 3589 1875 3594; x_wconf 61' lang='grc'><strong><em>«</em></strong></span> 
     </span>
    </p>

    <p class='ocr_par' dir='ltr' id='par_1_10' title="bbox 430 3652 1781 3976">
     <span class='ocr_line' id='line_1_32' title="bbox 487 3652 1774 3754; baseline -0.002 -22"><span class='ocrx_word' id='word_1_226' title='bbox 487 3656 679 3735; x_wconf 85' lang='lat' dir='ltr'><strong>Postremo</strong></span> <span class='ocrx_word' id='word_1_227' title='bbox 703 3658 943 3737; x_wconf 67' lang='lat' dir='ltr'><strong>refectorium</strong></span> <span class='ocrx_word' id='word_1_228' title='bbox 969 3682 1100 3739; x_wconf 70' lang='lat' dir='ltr'><strong>renent</strong></span> <span class='ocrx_word' id='word_1_229' title='bbox 1127 3658 1365 3754; x_wconf 73' lang='lat' dir='ltr'><strong>extrenum,</strong></span> <span class='ocrx_word' id='word_1_230' title='bbox 1391 3655 1671 3752; x_wconf 78' lang='lat' dir='ltr'><strong>&amp;adjacentes</strong></span> <span class='ocrx_word' id='word_1_231' title='bbox 1697 3652 1774 3730; x_wconf 86' lang='lat' dir='ltr'><strong>offi·</strong></span> 
     </span>
     <span class='ocr_line' id='line_1_33' title="bbox 432 3754 1776 3863; baseline 0 -31"><span class='ocrx_word' id='word_1_232' title='bbox 432 3754 528 3836; x_wconf 84' lang='lat' dir='ltr'><strong>cinae</strong></span> <span class='ocrx_word' id='word_1_233' title='bbox 554 3783 641 3836; x_wconf 90' lang='lat' dir='ltr'><strong>cum</strong></span> <span class='ocrx_word' id='word_1_234' title='bbox 665 3755 816 3859; x_wconf 85' lang='lat' dir='ltr'><strong>aliquot</strong></span> <span class='ocrx_word' id='word_1_235' title='bbox 843 3761 975 3857; x_wconf 80' lang='lat' dir='ltr'><strong>cellis,</strong></span> <span class='ocrx_word' id='word_1_236' title='bbox 1001 3787 1103 3840; x_wconf 84' lang='lat' dir='ltr'><strong>anno</strong></span> <span class='ocrx_word' id='word_1_237' title='bbox 1136 3760 1330 3863; x_wconf 70' lang='lat' dir='ltr'><strong>1697.¹·die</strong></span> <span class='ocrx_word' id='word_1_238' title='bbox 1357 3766 1415 3838; x_wconf 73' lang='lat' dir='ltr'><strong>ad.</strong></span> <span class='ocrx_word' id='word_1_239' title='bbox 1445 3755 1584 3836; x_wconf 84' lang='lat' dir='ltr'><strong>Martii</strong></span> <span class='ocrx_word' id='word_1_240' title='bbox 1612 3755 1776 3834; x_wconf 82' lang='lat' dir='ltr'><strong>flammis</strong></span> 
     </span>
     <span class='ocr_line' id='line_1_34' title="bbox 430 3855 1781 3976; baseline -0.001 -44"><span class='ocrx_word' id='word_1_241' title='bbox 430 3855 562 3955; x_wconf 84' lang='lat' dir='ltr'><strong>ignota</strong></span> <span class='ocrx_word' id='word_1_242' title='bbox 589 3860 696 3937; x_wconf 85' lang='lat' dir='ltr'><strong>causa</strong></span> <span class='ocrx_word' id='word_1_243' title='bbox 723 3886 771 3939; x_wconf 85' lang='lat' dir='ltr'><strong>ex</strong></span> <span class='ocrx_word' id='word_1_244' title='bbox 797 3860 875 3938; x_wconf 92' lang='lat' dir='ltr'><strong>olei</strong></span> <span class='ocrx_word' id='word_1_245' title='bbox 903 3860 1781 3976; x_wconf 75' lang='lat' dir='ltr'><strong>promptuarioerumpentibusconflagrarunt.</strong></span> 
     </span>
    </p>

    <p class='ocr_par' dir='ltr' id='par_1_11' title="bbox 429 3958 1787 4261">
     <span class='ocr_line' id='line_1_35' title="bbox 484 3958 1787 4067; baseline -0.002 -34"><span class='ocrx_word' id='word_1_246' title='bbox 484 3958 706 4062; x_wconf 84' lang='lat' dir='ltr'><strong>Extremam</strong></span> <span class='ocrx_word' id='word_1_247' title='bbox 720 3961 951 4064; x_wconf 83' lang='lat' dir='ltr'><strong>enarrationi</strong></span> <span class='ocrx_word' id='word_1_248' title='bbox 965 3964 1117 4058; x_wconf 81' lang='lat' dir='ltr'><strong>hujusce</strong></span> <span class='ocrx_word' id='word_1_249' title='bbox 1129 3963 1316 4040; x_wconf 87' lang='lat' dir='ltr'><strong>Coenobri</strong></span> <span class='ocrx_word' id='word_1_250' title='bbox 1332 3985 1488 4038; x_wconf 90' lang='lat' dir='ltr'><strong>manum</strong></span> <span class='ocrx_word' id='word_1_251' title='bbox 1508 3958 1787 4067; x_wconf 70' lang='lat' dir='ltr'><strong>imposueram,</strong></span> 
     </span>
     <span class='ocr_line' id='line_1_36' title="bbox 430 4059 1780 4160; baseline -0.002 -28"><span class='ocrx_word' id='word_1_252' title='bbox 430 4081 520 4134; x_wconf 91' lang='lat' dir='ltr'><strong>cum</strong></span> <span class='ocrx_word' id='word_1_253' title='bbox 548 4060 646 4137; x_wconf 87' lang='lat' dir='ltr'><strong>mihi</strong></span> <span class='ocrx_word' id='word_1_254' title='bbox 683 4060 961 4139; x_wconf 81' lang='lat' dir='ltr'><strong>refertissimum</strong></span> <span class='ocrx_word' id='word_1_255' title='bbox 1000 4065 1091 4160; x_wconf 77' lang='lat' dir='ltr'><strong>sape</strong></span> <span class='ocrx_word' id='word_1_256' title='bbox 1130 4062 1270 4140; x_wconf 86' lang='lat' dir='ltr'><strong>laudati</strong></span> <span class='ocrx_word' id='word_1_257' title='bbox 1298 4060 1534 4140; x_wconf 85' lang='lat' dir='ltr'><strong>eruditiffimi</strong></span> <span class='ocrx_word' id='word_1_258' title='bbox 1566 4059 1653 4136; x_wconf 88' lang='lat' dir='ltr'><strong>Viti</strong></span> <span class='ocrx_word' id='word_1_259' title='bbox 1680 4059 1780 4133; x_wconf 78' lang='lat' dir='ltr'><strong>Petri</strong></span> 
     </span>
     <span class='ocr_line' id='line_1_37' title="bbox 429 4157 1780 4261; baseline -0.001 -27"><span class='ocrx_word' id='word_1_260' title='bbox 429 4158 649 4239; x_wconf 88' lang='lat' dir='ltr'><strong>Gradonico</strong></span> <span class='ocrx_word' id='word_1_261' title='bbox 688 4162 734 4239; x_wconf 88' lang='lat' dir='ltr'><strong>de</strong></span> <span class='ocrx_word' id='word_1_262' title='bbox 762 4162 947 4239; x_wconf 87' lang='lat' dir='ltr'><strong>Consiuio</strong></span> <span class='ocrx_word' id='word_1_263' title='bbox 972 4164 1007 4241; x_wconf 88' lang='lat' dir='ltr'><strong>S.</strong></span> <span class='ocrx_word' id='word_1_264' title='bbox 1029 4162 1180 4261; x_wconf 83' lang='lat' dir='ltr'><strong>Juliinae</strong></span> <span class='ocrx_word' id='word_1_265' title='bbox 1211 4163 1388 4241; x_wconf 86' lang='lat' dir='ltr'><strong>Musenm</strong></span> <span class='ocrx_word' id='word_1_266' title='bbox 1427 4159 1669 4261; x_wconf 85' lang='lat' dir='ltr'><strong>perlustranti</strong></span> <span class='ocrx_word' id='word_1_267' title='bbox 1707 4157 1780 4234; x_wconf 90' lang='lat' dir='ltr'><strong>sor·</strong></span> 
     </span>
    </p>
   </div>
   <div class='ocr_carea' id='block_1_4' title="bbox 429 4258 1783 4438">
    <p class='ocr_par' dir='ltr' id='par_1_12' title="bbox 429 4258 1783 4438">
     <span class='ocr_line' id='line_1_38' title="bbox 429 4258 1783 4438; baseline 0 -104"><span class='ocrx_word' id='word_1_268' title='bbox 429 4275 467 4336; x_wconf 91' lang='lat' dir='ltr'><strong>te</strong></span> <span class='ocrx_word' id='word_1_269' title='bbox 493 4258 567 4339; x_wconf 87' lang='lat' dir='ltr'><strong>sese</strong></span> <span class='ocrx_word' id='word_1_270' title='bbox 593 4262 739 4342; x_wconf 88' lang='lat' dir='ltr'><strong>obtulit</strong></span> <span class='ocrx_word' id='word_1_271' title='bbox 765 4262 1161 4364; x_wconf 28' lang='lat' dir='ltr'><strong>antiquumsstgillum</strong></span> <span class='ocrx_word' id='word_1_272' title='bbox 1187 4262 1349 4344; x_wconf 85' lang='lat' dir='ltr'><strong>lerreum</strong></span> <span class='ocrx_word' id='word_1_273' title='bbox 1374 4261 1500 4341; x_wconf 84' lang='lat' dir='ltr'><strong>Studii</strong></span> <span class='ocrx_word' id='word_1_274' title='bbox 1527 4262 1569 4340; x_wconf 87' lang='lat' dir='ltr'><strong>in</strong></span> <span class='ocrx_word' id='word_1_275' title='bbox 1600 4262 1783 4438; x_wconf 60' lang='lat' dir='ltr'><strong>Contueu·</strong></span> 
     </span>
     <span class='ocr_line' id='line_1_39' title="bbox 1712 4384 1735 4435; baseline 0 0"><span class='ocrx_word' id='word_1_276' title='bbox 1712 4384 1735 4435; x_wconf 92' lang='lat' dir='ltr'><strong>u</strong></span> 
     </span>
    </p>
   </div>
   <div class='ocr_carea' id='block_1_5' title="bbox 0 0 1904 5342">
    <p class='ocr_par' dir='ltr' id='par_1_13' title="bbox 0 0 1904 5342">
     <span class='ocr_line' id='line_1_40' title="bbox 0 0 1904 5342; baseline 0 4"><span class='ocrx_word' id='word_1_277' title='bbox 0 0 1904 5342; x_wconf 95' lang='lat' dir='ltr'><strong> </strong></span> 
     </span>
    </p>
   </div>
  </div>
 </body>
</html>
