3800 5342
1373 330 1730 451 aa*

142 494 334 594 ⁴tempn'te
357 490 496 595 scripsit
521 492 629 594 super
655 493 755 572 idem
784 491 1119 594 DominoAngelo
1138 490 1367 575 Patriarclra
1387 490 1493 572 Con·

157 594 498 696 stantinopolitano
525 593 757 694 supradislor
784 594 888 688 cujus
915 594 1157 679 tenortalis:
1192 638 1195 645 ,
1302 674 1305 677 ,

212 695 601 774 Reverendiffimo'in
627 693 783 777 Christo
810 692 933 787 Patri,
959 693 996 772 8(
1022 693 1195 781 Domino
1222 694 1396 773 Domino
1417 697 1494 773 An·

157 797 282 895 gelo,
314 797 449 873 divina
474 796 714 874 Providentia
741 793 963 873 Patriarchae
989 792 1414 894 Constantinopolitano
1440 791 1495 872 di·

132 896 358 994 'gnissrmm
386 898 583 990 Patrono,
609 896 646 974 8<
673 895 847 974 Domino
871 894 1008 973 merito
1035 896 1276 975 venerando.
1303 896 1523 973 Revereri·¹
1592 914 1602 936 ⁸

158 995 304 1074 dissime
334 998 474 1091 Pater,
500 997 536 1074 8c
563 996 733 1074 Domine
750 995 813 1071 mi
840 997 1086 1091 venerande,
1111 994 1190 1094 poll
1217 993 1429 1087 humilem,
1453 992 1492 1070 lic

158 1094 405 1191 subjesiivam
432 1096 866 1174 recommendationem.
894 1097 1064 1194 Rogatus
1090 1093 1269 1173 instanter
1296 1118 1362 1194 per
1387 1092 1492 1173 Reli·

158 1193 283 1293 giosos
310 1197 411 1275 viros
438 1198 584 1276 Fratres
608 1196 868 1275 Pradicatores
888 1195 998 1292 hujus
1022 1195 1207 1275 Civitatis
1220 1193 1492 1288 Venetiarum,

156 1295 258 1373 mihi
286 1296 327 1374 in
354 1298 528 1375 Domino
560 1295 793 1377 charisiimos
815 1351 829 1392 ,
855 1319 1007 1374 exorare
1036 1295 1299 1375 Venerandam
1327 1291 1492 1371 Paterni-

157 1397 487 1492 taren-vestram,
512 1418 556 1474 ut
582 1421 703 1497 partes
728 1399 810 1476 suas
836 1395 1074 1496 interponere
1101 1396 1278 1497 dignetur
1295 1395 1390 1494 apud
1403 1395 1492 1473 San-

155 1495 360 1576 siiffimunr
388 1496 602 1576 Dominum
631 1497 796 1578 nostrum
833 1497 873 1577 in
900 1498 1111 1576 obtinendo
1135 1501 1183 1576 ab
1208 1498 1287 1594 ejus
1312 1494 1493 1576 sanctita·
1534 1529 1540 1541 ·

155 1616 196 1675 te
222 1598 350 1677 literas
384 1598 663 1698 approbatorias
699 1600 859 1692 Status,
895 1598 932 1677 8<
968 1598 1072 1676 modi
1109 1597 1267 1679 vivendi
1292 1597 1493 1689 Fratrum,

152 1699 430 1796 appellaturum
457 1699 503 1776 de
532 1699 760 1777 l'nenitentia
786 1699 827 1777 Β.
854 1698 1089 1792 Dominici‚
1126 1700 1218 1798 (de
1238 1722 1317 1798 quo
1335 1697 1489 1797 negotio

150 1799 351 1894 asserunt,
384 1798 522 1876 Vestrae
551 1799 770 1879 Paternitati
799 1799 939 1900 pluries
964 1798 1170 1899 scripsisse,
1204 1825 1247 1878 ac
1273 1797 1352 1881 sore
1378 1799 1425 1879 de
1451 1795 1492 1874 id
1577 1816 1580 1821 ’

152 1897 364 1996 plenissime
391 1898 661 1996 informatam)
685 1899 794 1977 filiali
821 1900 976 1978 audacia
1001 1899 1235 1980 confidenter
1260 1899 1511 1981 eneconem

150 1997 242 2074 dem
268 1998 626 2081 Reverendilstmam
656 1999 923 2079 Paternitatem
952 2000 1149 2085 humiliter
1176 1998 1399 2098 deprecari,
1426 2021 1490 2075 vo-

152 2095 415 2179 tisdistorum
442 2100 618 2178 Fratrum
646 2124 847 2194 annuere,
884 2098 1010 2178 taliter
1035 2100 1136 2197 quod
1163 2097 1488 2179 interce-litonibus

135 2194 465 2278 :Clementissime
484 2200 742 2283 'paternitatis
776 2199 913 2277 Vestrae
949 2200 1111 2280 celerem
1149 2198 1341 2278 intentum
1378 2198 1488 2276 sunm

146 2295 326 2378 letentur
350 2300 572 2380 obtinuisse.
600 2300 729 2401 Quam
755 2299 859 2399 Jesus
876 2300 1051 2380 Christus
1077 2302 1333 2400 Redemptor,
1358 2298 1487 2379 &Do-

146 2397 424 2480 minus'noslet
450 2404 585 2496 tueri,
619 2403 723 2481 &in
750 2401 860 2481 donis
886 2398 959 2480 suis
985 2402 1167 2493 continue
1193 2398 1488 2485 misericorditer

141 2497 194 2573 ad
220 2521 355 2579 votum
382 2526 518 2600 augere
545 2503 743 2604 dignetur.
768 2502 915 2585 Datum
944 2502 1120 2587 Venetiis
1143 2501 1207 2584 die
1232 2499 1484 2611 decimanona

23 2648 24 2651 =
141 2593 313 2695 Januarii
347 2629 452 2698 ¹405·

197 2697 297 2777 Item
325 2699 425 2781 dislo
452 2714 622 2801 tempore
648 2703 772 2803 recepi
801 2729 915 2782 unam
952 2703 1101 2809 literam
1126 2706 1173 2785 de
1199 2705 1321 2787 Curia
1347 2729 1370 2784 a
1397 2702 1483 2780 Pto·

136 2818 328 2877 curatore
344 2799 500 2876 Ordinis
526 2802 636 2893 huius
662 2804 828 2897 tenoris,
854 2802 1063 2881 videlicet:
1090 2806 1312 2883 Reverende
1340 2806 1483 2895 Pater,

251 2898 412 2975 salntem
439 2897 479 2977 in
505 2898 690 2976 Clrtislo.
729 2902 869 3001 Recepi
908 2903 1032 3002 plures
1058 2902 1186 2981 literas
1213 2902 1348 2981 veslras
1373 2903 1482 2999 supet
1618 2904 1621 2911 ’

152 2995 281 3077 aslum
308 2996 466 3077 illorum
495 3000 539 3077 de
568 2999 683 3076 tertio
708 3002 851 3079 Ordine
877 3002 950 3081 &ce
986 3003 1036 3079 Et
1063 3028 1150 3083 ecce
1178 3001 1248 3081 seci
1275 3001 1481 3080 secundum

136 3096 342 3179 consilium
371 3099 533 3178 vellrnm
557 3125 572 3191 3
595 3099 632 3179 8ι
658 3100 819 3197 accidit,
844 3123 956 3203 prout
982 3104 1075 3182 alias
1101 3103 1209 3195 vobis
1235 3100 1377 3201 scripsr.
1406 3101 1481 3178 De-

135 3198 178 3279 di
204 3199 310 3279 enim
336 3198 853 3299 supplicationem-Domino
881 3202 1106 3282 Patriarchar
1131 3198 1480 3301 Constantinopoli

134 3317 257 3396 eman,
280 3300 320 3389 8(
346 3301 463 3377 etiarn
491 3301 665 3381 Domino
679 3302 843 3400 Johanni
869 3303 1121 3383 dellononia.
1149 3303 1479 3385 Dominusavtem

135 3390 359 3489 Pettiatclra
379 3399 459 3499 ,pm
486 3402 569 3481 sunt
596 3402 814 3500 quindecim
842 3403 944 3499 dies,
969 3428 1104 3503 exquo
1128 3406 1227 3483 mihi
1247 3403 1368 3501 dixit,
1393 3426 1480 3502 qua,-

134 3524 182 3578 re
205 3494 500 3583 libididelatur
524 3500 806 3600 aliquantulum
832 3502 1137 3603 expeslandusn,
1161 3530 1356 3621 quousque
1383 3504 1480 3605 Papa
1611 3530 1625 3539 ⁶

125 3601 264 3700 ‚aliqua
291 3603 515 3701 expediret.
551 3602 745 3689 Dominus
770 3604 960 3703 Iohannes
986 3607 1032 3685 de
1059 3606 1264 3701 Bononia,
1291 3603 1431 3705 pluries
1455 3628 1480 3691 a

136 3724 202 3779 me
225 3701 485 3799 sollicitatus,
511 3700 634 3790 adhuc
662 3703 758 3789 milri
786 3704 881 3783 insta
908 3704 1217 3807 vigintiquinque
1238 3707 1323 3800 dies
1347 3707 1474 3793 ullum

133 3800 239 3881 dedit
266 3804 513 3904 responsum,
548 3804 692 3902 semper
724 3805 888 3900 dicens,
923 3806 967 3899 se,
986 3807 1109 3887 adhuc
1138 3806 1312 3886 Domino
1350 3805 1476 3885 nostro

131 3926 214 3983 nun
240 3901 543 3989 interemtum
565 3959 584 3991 .,
602 3904 810 4001 Credatis,
834 3905 936 4007 quod
954 3932 1034 4007 rego
1059 3906 1147 3988 satis
1173 3905 1376 3988 sollicitavi
1398 3957 1411 3997 ,
1436 3902 1475 3982 8(

131 4010 200 4103 per
225 4026 287 4085 me
310 4022 388 4087 non
406 4005 579 4089 deficiet.
603 4003 653 4087 Et
676 4029 746 4104 pur
765 4008 871 4106 spero
882 4006 1119 4088 obtinebitur
1131 4008 1346 4089 intentum.
1373 4007 1473 4087 Item

132 4103 216 4185 mili
242 4105 508 4207 vobisjplnres
530 4106 817 4207 literas,‚quas
842 4108 1166 4190 Reverendiffimo
1193 4103 1378 4204 Magistro
1402 4108 1475 4184 Or·

35 4220 42 4235 ’
131 4205 234 4286 dinis
253 4207 453 4306 dirigetis.
474 4207 547 4289 &c
580 4208 714 4289 Roma
752 4207 1061 4311 vigesimaquarta
1098 4205 1325 4303 Decembris
1367 4233 1472 4305 ¹404·

123 4303 265 4427 ‘Vellet
287 4306 935 4423 >Frater,.llnertinusde‚Albizis,
972 4314 1197 4414 Procurator
1222 4306 1379 4490 Ordinis
1405 4306 1476 4387 &o

169 4454 201 4469 ,.
1349 4428 1428 4489 lem
