3800 5342
371 416 1218 553 sinc-ninonr'n'rcrr
1320 443 1401 533 317

132 629 159 676 ‚,
182 575 220 656 8<
245 593 376 655 eorum
405 572 560 653 nomina
587 573 672 651 sunt
698 570 737 650 in
765 570 866 651 libro
891 572 979 652 vitae
1016 575 1258 674 conscripta.
1295 573 1392 653 Satin
1417 572 1464 651 ad

134 730 160 775 „
185 676 290 755 islam
319 675 499 754 virtutem
527 695 565 753 te
593 693 702 751 vocat
729 670 864 752 titulus
889 694 999 752 tuus.
1027 672 1159 753 Pacius
1185 699 1224 754 er
1252 675 1466 753 Patriarcha

133 829 160 875 „
184 776 399 857 Gradensrs.
427 775 487 853 nd
513 773 681 854 Gradum
708 771 889 852 vocaris.
925 772 1075 873 Exigua
1100 776 1161 874 eli
1179 793 1301 868 terra,
1324 776 1385 855 sed
1411 769 1466 851 di·
1513 777 1516 782 ’

134 928 162 974 „
187 879 310 980 gnitas
334 895 437 954 extat
465 874 649 976 insignis:
675 873 764 975 quia
788 872 987 954 humilitas
1012 876 1194 974 parvulos*
1210 874 1301 965 sacit
1328 873 1368 954 in
1396 894 1467 952 ter·

137 1029 164 1076 „
189 1003 252 1072 ra,
277 978 338 1056 sed
363 976 532 1055 inCoelo
559 974 745 1055 maximos
770 975 901 1055 valde..
929 974 1167 1055 AdGradum
1182 974 1345 1056 vocatis.
1373 976 1467 1052 Gra·

129 1112 159 1178 ·„
184 1076 254 1158 dut
277 1102 424 1177 carpe,
460 1077 615 1176 gradum
643 1075 776 1177 gradui
813 1075 926 1175 junge
954 1130 968 1172 ,
1001 1076 1038 1156 8<
1064 1075 1199 1155 scalam
1235 1073 1466 1158 humilitatis

133 1235 160 1277 ‚‚
185 1199 392 1277 compone:
419 1201 483 1278 pet
508 1201 621 1278 quarn
648 1176 728 1276 post
753 1198 791 1255 te
817 1177 862 1255 ad
880 1178 1011 1256 Deum
1037 1176 1263 1272 ascendant,
1284 1200 1379 1276 quos
1400 1175 1468 1252 du·

133 1333 160 1378 ,‚
184 1278 273 1357 dum
302 1279 348 1356 ad
375 1278 476 1356 viam
506 1277 734 1357 humilitatis
759 1277 921 1357 serventi
948 1278 1106 1375 verbo,
1141 1276 1334 1376 utriusque
1360 1276 1469 1353 sexus

132 1434 159 1478 „
184 1400 374 1458 catervam
401 1377 567 1473 traxisti,
592 1378 759 1479 aliosque
784 1403 879 1557 ἓυος
899 1376 1022 1458 adlruc
1044 1378 1190 1458 trahere
1219 1402 1295 1458 non
1317 1371 1470 1475 potuisti

125 1480 231 1578 „de
259 1480 423 1659 superbis
434 1478 666 1559 vanitatibus
692 1505 784 1558 mun
813 1480 849 1576 i,
873 1477 1186 1581 quibusmattime
1213 1500 1322 1556 tuum
1345 1476 1469 1555 solum

131 1597 171 1679 „‘
184 1583 290 1680 abun
313 1599 374 1676 at,
401 1601 533 1683 utpote
559 1581 703 1660 divitiis
730 1581 895 1660 multum
922 1580 1137 1676 refertum,
1164 1580 1257 1658 Tibi
1284 1604 1306 1655 a
1331 1573 1469 1656 Domi·

130 1736 157 1779 „
184 1706 236 1759 no
263 1706 328 1782 per
355 1682 451 1761 hanc
480 1683 581 1760 viam
608 1683 813 1761 reservatos
839 1681 1054 1761 salvandos.
1083 1683 1175 1760 Non
1201 1701 1239 1759 te
1265 1679 1382 1771 latet,
1408 1701 1467 1755 or·

124 1815 156 1880 ·„
182 1779 240 1862 bis
266 1782 437 1884 princeps
462 1781 653 1880 caletis,
690 1807 750 1880 me
776 1783 823 1860 ad
848 1782 965 1862 finem
991 1781 1179 1884 scriptura
1208 1778 1391 1862 velociter
1417 1775 1469 1858 fe·

129 1880 317 1981 „minare
343 1901 491 1983 propter
504 1882 622 1962 varias
632 1883 898 1984 occupationes
918 1883 1011 1961 hinc
1033 1882 1120 1962 inde
1132 1901 1331 1962 vocatum.
1358 1880 1468 1958 Dum

127 2038 154 2081 „
181 2007 344 2083 namque
371 1984 563 2084 praesentes
589 2008 731 2084 papyro
758 1984 864 2063 trado
890 1985 1104 2079 sermones,
1128 1983 1176 2064 ab
1205 1981 1315 2060 altari
1336 2034 1351 2074 ,
1376 2005 1470 2057 non·

125 2139 153 2185 „
178 2085 270 2162 dum
297 2094 410 2162 Pater
435 2088 550 2187 noster
570 2084 762 2185 incoepto,
788 2083 888 2162 cadit
910 2102 952 2164 ut
983 2104 1157 2162 mortuus
1184 2081 1312 2162 Frater
1334 2083 1466 2159 Petrus
1579 2159 1584 2166 ,

127 2239 153 2283 ,,
180 2185 318 2264 Paulus
344 2186 612 2264 vulneratum·
632 2184 751 2285 peste:
779 2185 878 2264 unde
904 2208 1024 2285 cogor³
1041 2184 1250 2286 capitulum
1273 2179 1466 2274 tertium,

124 2307 150 2385 ‚3
173 2286 277 2387 quod
295 2284 341 2364 de
363 2285 544 2387 pudicitia
565 2306 649 2365 etat
671 2286 943 2381 scribendum,
957 2284 1134 2366 transire:
1159 2282 1280 2364 forsan
1301 2285 1390 2368 Deo
1412 2278 1465 2377 ju·

124 2401 156 2487 „·
176 2389 316 2482 bente,
340 2387 521 2488 quoniam
538 2387 694 2488 expedit
715 2387 841 2466 minuc
868 2388 949 2466 haec
980 2385 1175 2481 doiirioa,
1199 2385 1288 2488 quia
1305 2409 1331 2484 wa
1350 2406 1466 2462 cuna·

124 2487 278 2588 „bulis
303 2489 436 2583 flores,
463 2487 725 2567 itaut‘nedum
748 2514 885 2584 ment,
911 2488 972 2568 sed
995 2513 1043 2567 ne
1067 2488 1188 2568 sensus
1214 2484 1467 2582 sentireccara

123 2645 151 2689 „
177 2588 237 2666 nis
258 2589 441 2688 pruritus.
467 2590 560 2667 Non
583 2590 705 2668 solum
726 2614 814 2668 cum
836 2590 1025 2670 Bernardo
1046 2588 1211 2670 latrones
1232 2585 1380 2686 adesse,
1393 2583 1468 2662 cla«

123 2745 150 2806 ,2
176 2686 305 2765 masii:
333 2689 392 2764 sed
415 2688 542 2786 ignem
565 2713 653 2766 cum
672 2688 902 2783 Benediilo,
927 2691 1058 2768 Frater
1082 2691 1245 2789 Joanoes
1266 2680 1468 2768 Benedille

121 2841 149 2890 ‚‚
175 2781 323 2884 fugisti.
350 2787 467 2866 Silere
489 2809 617 2865 tamen
639 2810 687 2866 cx
708 2807 792 2865 tuto
809 2813 888 2866 non
910 2789 1053 2886 possum
1074 2842 1088 2884 ,
1112 2787 1289 2888 quinimo
1309 2787 1385 2864 tuis
1406 2809 1466 2881 pe<

123 2946 152 2991 „
178 2885 289 2966 cliuus
311 2884 414 2984 iaceo
436 2888 681 2986 provolutus,
702 2911 790 2965 cum
812 2887 991 2987 lacrymis
1010 2912 1148 2983 orans,
1174 2906 1216 2965 ut
1239 2881 1466 2964 tuidilesiil'·

125 3046 152 3092 ,‚
180 2986 263 3074 fimi
286 2987 463 3066 amatoris
481 2987 621 3088 pariter
643 2990 680 3067 8<
701 2990 817 3067 amati
829 2987 1046 3080 miserearis
1067 2986 1228 3067 Domini
1252 2979 1468 3084 lesuChri·

125 3117 152 3193 3,
180 3087 224 3166 sli
245 3137 259 3184 ,
284 3108 436 3167 utnon
460 3088 616 3189 patiaris
645 3089 713 3168 sub
746 3110 813 3169 tuo
833 3089 977 3190 sceptro
1000 3088 1144 3189 potenti
1167 3088 1288 3188 ipsum
1319 3086 1465 3164 iterum

123 3207 152 3291 ς,
174 3187 347 3288 cruciligi
368 3188 536 3268 nefande<
557 3215 579 3266 a
600 3183 1362 3291 manibus'impudicorumSacerdotum·
1384 3183 1467 3264 Pel·

122 3349 149 3393 „
176 3291 214 3369 le
236 3290 282 3368 de
291 3290 374 3368 sede
396 3310 461 3367 tua
481 3290 587 3368 omui
599 3293 704 3388 jure,
728 3291 942 3390 quovales,
968 3289 1126 3374 clericor
1152 3309 1353 3382 uxoratos,
1376 3310 1470 3401 con<

122 3443 160 3493 „-
174 3389 415 3487 cubinarios,
439 3389 477 3468 8<
499 3391 676 3470 lasciv-or.
699 3392 790 3469 Para
810 3393 952 3470 munda
970 3394 1056 3471 vasa
1077 3389 1318 3470 mundissimo
1330 3390 1467 3468 Domi·

123 3491 421 3600 „tanaiticum
446 3511 484 3570 te
516 3515 597 3569 non
617 3516 748 3593 porum
776 3492 973 3594 peccasse,
1006 3493 1139 3572 srnon
1161 3489 1309 3578 obsistas
1339 3513 1467 3591 pecca·

122 3633 150 3692 „
176 3607 263 3671 tum
280 3613 378 3670 cum
400 3592 502 3671 vales
524 3649 534 3670 .
573 3594 660 3674 Hoc
680 3617 769 3693 ager
791 3618 908 3694 quam
929 3592 1137 3695 gloriosus
1158 3617 1237 3674 aon
1253 3590 1465 3680 ‚homiuum

121 3750 148 3793 ‚,
176 3703 345 3772 terrores·
361 3692 562 3790 formides,
587 3719 657 3772 nec
679 3695 867 3774 malorum
889 3696 1055 3795 requirit
1075 3693 1243 3778 savorem
1266 3749 1276 3770 .
1312 3694 1465 3792 Nempe

120 3829 156 3894 3,
182 3796 324 3912 storum
342 3796 503 3873 duorum
527 3815 731 3893 neutrum,
751 3816 789 3877 te
813 3797 965 3898 servum
983 3791 1221 3884 Chr-illiese
1238 3792 1432 3972 perffiet
1453 3846 1468 3900 ·.

170 3917 173 3926 ’
229 3915 232 3922 ’
464 3955 482 3964 ··
927 3911 944 3922 ”
1144 3937 1150 3982 1
1180 3975 1203 3984 ..
1255 3947 1282 3993 ῃ
1399 3912 1416 3970 t

127 4099 132 4122 '
154 4115 160 4156 1
179 4101 235 4163 orn·
256 4113 353 4163 tamen
375 4103 436 4174 elur
455 4111 599 4186 agnomen
621 4098 789 4172 invenitur
810 4108 946 4186 stiraqae
966 4122 1022 4183 pro
1041 4104 1158 4182 promta
1177 4094 1332 4160 collinensi
1353 4091 1466 4154 intelli·

127 4210 179 4262 ·s¹‘
203 4178 320 4269 99ὼῆ
333 4183 480 4268 listins.
501 4186 618 4262 Georgii
639 4185 912 4263 Abbat,.agnomen
932 4182 994 4258 eiut
1014 4175 1258 4254 exthacupistoln
1277 4169 1468 4263 supplendum

204 4272 280 4330 stu,
301 4247 369 4330 Ilion
391 4275 489 4320 tamen
511 4258 562 4317 ille
582 4259 644 4338 est,
664 4257 715 4343 qui
733 4263 902 4321 concionem
923 4259 1027 4322 habuit
1047 4271 1125 4317 nino
1145 4258 1314 4314 Mccccxtr.
1333 4268 1363 4307 m
1384 4243 1471 4335 suno:

166 4345 170 4354 '
206 4349 238 4390 re
259 4332 349 4394 Paula
378 4337 485 4395 Matris
505 4338 622 4409 loannis
650 4339 796 4397 Dominici
816 4333 1012 4401 caidinalsrr
1039 4352 1078 4392 co
1094 4332 1182 4392 caim'
1199 4345 1281 4392 anno
1296 4321 1470 4388 Monstri!

137 4419 194 4464 t
213 4395 364 4491 &Georgii
385 4410 507 4488 Maiori}
528 4412 806 4480 abbacrennserur
824 4408 1112 4490 Jmnaer'Micltarl,
1165 4435 1181 4464 r
1315 4463 1329 4488 ,
