3800 5342
93 564 158 662 da,
182 556 407 661 dihtanda,
442 562 731 666 innovandaque
757 562 862 665 juxta
887 563 1169 666 beneplacitum
1195 564 1430 653 Rsverendae

92 664 329 747 Paternitatis
356 664 537 765 prefata,
562 664 655 746 sicut
681 665 776 744 olim
801 663 932 746 extitit
958 670 1162 781 approbata
1177 670 1325 770 Reguia
1352 692 1426 748 ter·

93 766 136 847 tii
159 764 316 846 Ordinis
341 763 597 847 S.Francisci.
625 765 773 846 Merito
798 762 902 846 enim
928 790 996 867 qut
1023 767 1125 865 prior
1150 767 1203 848 est
1225 790 1425 868 tempore,

93 866 190 969 prior
215 866 268 945 esi
291 866 398 965 jure,
422 887 536 967 atque
560 891 643 967 quar
669 893 691 947 a
717 866 796 964 jure
822 891 902 945 non
927 867 1180 962 exorbitant,
1205 867 1360 948 fortassis
1387 870 1430 949 in

94 966 398 1068 consequentiam
423 967 510 1047 sunt
535 969 740 1047 trahenda.
765 966 960 1047 Ceterum
981 1018 996 1063 ,
1018 968 1121 1069 quod
1149 994 1226 1047 non
1251 970 1303 1048 est
1329 962 1430 1049 mihi

93 1069 221 1148 ninus
243 1068 450 1166 jucundum
471 1122 486 1166 ,
508 1068 663 1149 obsecro
690 1093 756 1170 per
781 1066 1076 1147 misericordiam
1106 1069 1182 1147 Dei
1209 1068 1323 1148 nostri
1350 1091 1430 1151 tan·

94 1188 137 1250 tu
161 1169 401 1247 Reverentia
437 1169 615 1269 occupari
652 1167 874 1271 obsequiis,
908 1184 1022 1269 qnam
1051 1169 1158 1248 Deus
1184 1172 1334 1249 attollat
1359 1173 1433 1253 dte.

94 1269 237 1349 Datum
263 1268 432 1349 Arimini
469 1276 502 1350 8.
529 1271 754 1351 Decembris
786 1296 890 1369 1402.
925 1271 972 1347 R.
1002 1272 1041 1347 P.
1068 1271 1116 1346 V.
1145 1270 1315 1351 Humilis
1351 1296 1432 1353 ora·

96 1386 174 1466 tor,
198 1370 240 1449 8(
263 1371 392 1451 servus
420 1369 550 1452 Frater
574 1371 736 1472 Joannes
761 1368 963 1449 Dominici
988 1369 1035 1448 de
1062 1370 1279 1452 Florentia.
1491 1450 1497 1461 ,
1522 1370 1527 1379 ’

100 1482 108 1525 ¹
139 1468 296 1550 Distam
321 1491 451 1553 autem
478 1472 633 1551 literam·
653 1498 742 1554 cum
771 1469 1016 1567 habuissem,
1054 1470 1265 1572 supradidio
1293 1473 1430 1556 Procu-

95 1574 205 1652 ratori
234 1571 390 1652 Ordinis
415 1570 601 1652 transmisi
622 1624 636 1670 ,
660 1573 726 1675 qui
754 1572 871 1674 ipsam
898 1568 1001 1651 diuo
1028 1571 1204 1651 Domino
1215 1574 1430 1657 Bononien-

90 1669 397 1774 fipraesentaret.
425 1674 476 1755 Et
502 1673 594 1754 sidet
618 1688 707 1753 an'te
733 1672 849 1752 suerit
873 1671 1009 1774 scripta
1035 1696 1100 1775 per
1126 1672 1247 1775 ipsum
1261 1677 1431 1757 Fratrem

90 1770 326 1874 Iohannem,
348 1792 467 1876 qnam
492 1773 698 1878 supradisia
725 1773 950 1876 supplicatio
973 1798 986 1866 ς
1013 1797 1078 1872 per
1106 1799 1175 1855 nos
1200 1796 1330 1856 tamen
1355 1776 1431 1857 suit

91 1872 269 1973 posterius
296 1875 469 1955 Domino
497 1876 648 1977 praefato
674 1875 883 1956 transmissa
905 1926 920 1972 ,
946 1872 1127 1955 videficet
1153 1880 1270 1956 Anno
1296 1876 1433 1959 Domi}

89 1974 129 2053 ni
160 2003 265 2078 1403.
290 1977 337 2055 de
365 1977 501 2056 Mense
528 1977 745 2057 Februarii.
1359 1980 1360 1985 ‘
1412 2056 1416 2063 .

94 2118 98 2125 ·
141 2078 267 2172 laem,
291 2102 379 2158 cum
406 2077 509 2157 disin
533 2099 705 2179 tempore
732 2079 778 2157 ad
788 2078 1040 2159 Conventum
1053 2079 1248 2159 Venetam
1274 2079 1431 2183 quidam

90 2175 288 2257 Dominus
313 2176 444 2258 Frater
477 2178 667 2279 Iohannes
694 2178 1009 2282 Archiepiscopus
1034 2179 1277 2260 Soltaniensrs
1304 2206 1433 2281 perve-

91 2276 224 2373 nisset,
250 2278 411 2382 essetque
437 2277 675 2381 fingularirer
701 2296 816 2361 notus
840 2278 931 2359 dien
960 2279 1130 2360 Domini
1151 2279 1431 2381 Bononienfis,

91 2378 288 2476 ordinavi,
312 2382 415 2482 quod
441 2381 566 2460 eidem
593 2381 769 2462 Domino
797 2406 912 2461 unam
947 2380 1098 2461 literam
1125 2381 1165 2459 su
1194 2380 1433 2482 plicatoriant

91 2500 157 2581 pro
183 2479 389 2581 supradisia
415 2484 523 2564 eausa
550 2486 713 2564 scribere
738 2480 959 2600 dignaretur
985 2508 998 2578 3
1024 2482 1061 2561 8(
1086 2481 1142 2561 ita
1166 2406 1281 2582 decit,
1306 2483 1432 2585 &gru

93 2598 235 2659 tanter.
262 2581 384 2681 Cujus
411 2606 521 2664 tenor
548 2586 656 2682 talis,
682 2583 883 2665 videlicet:

95 2721 101 2735 ·
149 2682 477 2765 Reverendisiimo
513 2684 554 2764 in
579 2685 737 2785 Christo
764 2685 900 2781 Patri,
935 2683 974 2765 8(
1000 2684 1051 2764 D.
1067 2685 1125 2763 ‘D.
1151 2683 1339 2766 Cosmato
1365 2683 1436 2766 &c-

95 2772 562 2882 Re'verentiffimeuater,
587 2786 809 2864 &Domine
835 2783 1025 2886 premissis
1053 2784 1265 2866 humilibus
1290 2810 1436 2891 recom-
1533 2788 1538 2797 '

95 2883 402 2999 mendatiqnibus
422 2937 436 2979 ,
460 2886 693 2977 Reverendo
719 2883 861 2962 Vestrae
887 2883 1107 2963 Paternitati
1134 2885 1326 2981 notifico,
1350 2910 1438 3000 qua·

95 2980 199 3081 liter,
228 3004 316 3062 cum
345 3006 468 3087 nuper
491 2984 539 3063 de
565 2983 733 3087 partibus
745 2982 943 3062 Romania
970 2982 1216 3084 pervenissem
1230 2985 1437 3081 venenas,

95 3076 184 3163 itur
212 3082 337 3164 eidem
365 3084 405 3164 in
433 3092 537 3187 pdrte
564 3110 629 3187 per
653 3083 745 3165 alias
772 3084 899 3164 literas
925 3104 1063 3164 notum
1087 3082 1161 3164 ieci
1179 3138 1193 3181 ,
1214 3084 1432 3166 ita&nunc

97 3181 260 3287 idipsum
287 3186 408 3289 magis
432 3188 479 3265 ad
506 3188 661 3289 plenum
681 3184 893 3281 confirmo,
917 3183 1137 3286 quomodo,
1161 3203 1204 3262 ut
1216 3183 1357 3265 ibidem
1370 3208 1438 3287 per

97 3286 238 3367 multos
264 3284 343 3367 dies
368 3313 515 3367 moram
542 3287 770 3368 contrahens
807 3312 879 3388 ego
904 3284 1052 3365 'adverti
1075 3286 1122 3366 de
1148 3283 1298 3386 speciali
1324 3310 1439 3389 augu-

97 3385 357 3484 mentatione,
381 3389 418 3468 8(
446 3390 685 3489 promotione
712 3411 790 3467 tam
819 3412 883 3483 re,
907 3384 945 3466 8(
972 3385 1095 3483 sabio,
1117 3409 1233 3488 quam
1255 3386 1439 3485 nomine,

96 3480 169 3589 sive
195 3485 295 3567 sama
323 3488 386 3570 hic
411 3490 528 3569 nosiri
555 3489 712 3569 Ordinis
728 3483 1053 3587 'Praedieatorumz
1079 3486 1118 3566 8(
1144 3487 1438 3591 hoctamquan·

99 3602 181 3668 tum
206 3589 253 3668 ad
280 3591 427 3687 Fratres
442 3590 752 3685 Praedicatores,
787 3588 825 3670 8(
851 3586 1166 3669 Sannimoniales
1191 3589 1399 3670 eorundem
1424 3642 1441 3691 ,

98 3700 212 3787 quarn
237 3689 353 3770 etiam
380 3714 566 3792 qnantum
593 3692 638 3769 ad
666 3692 814 3771 Fratres
839 3690 877 3769 8(
903 3691 1077 3787 Sorores,
1101 3688 1195 3792 qui,
1218 3689 1360 3793 &quae
1384 3690 1438 3770 di·

94 3798 238 3868 ‘euntur
261 3792 307 3873 de
337 3793 566 3874 Paenitentia
592 3791 700 3873 Beati
721 3791 955 3871 Dominici.
991 3791 1097 3908 Quia
1119 3812 1216 3883 uero
1242 3811 1320 3870 tam
1346 3790 1439 3874 didi

94 3887 246 4007 Frittres
272 3893 557 4015 Praedicatores,
580 3919 693 3997 quant
721 3893 839 3973 etiam
864 3893 911 3973 de
938 3891 1169 3973 Poenrtenria
1195 3892 1237 3972 B.
1260 3891 1439 3972 Domini·

98 4002 136 4069 'tt
160 3992 340 4074 videntur
355 4039 375 4092 ·,
401 3995 475 4097 jam
501 3997 673 4099 scripsisse
700 3994 933 4075 Reverendo
960 3993 1100 4073 Vesiru
1126 3991 1439 4092 Dominationi,

30 4102 31 4105 ‘
98 4093 279 4176 tertiam
307 4096 466 4179 Vicerio
490 4101 634 4196 Itaiiae,
659 4098 697 4178 8(
724 4093 965 4177 Procuratori
977 4093 1134 4185 Ordinis
1147 4092 1440 4173 Praedicatorum

101 4189 203 4295 super
230 4198 718 4300 impetratione'eujmdam
746 4198 865 4278 literar
876 4195 1127 4298 Apostolicae,
1153 4217 1218 4309 per
1240 4194 1441 4372 {nanthe-

99 4296 207 4394 gata,
233 4298 310 4378 five
336 4300 491 4381 viubndi
509 4300 683 4380 'sormuia
718 4300 884 4400 ipsorum
911 4301 958 4377 de
986 4296 1213 4375 Poenitemra
1271 4294 1442 4387 ‚Domi-

101 4393 434 4499 abstrahamur,
457 4396 505 4484 88
522 4401 805 4499 oonfirntetur,
839 4396 1163 4501 quemadmodum
1189 4394 1344 4475 vivendi
1368 4394 1442 4477 ior·

167 4552 170 4557 «
199 4506 408 4581 Tom.V11.
918 4498 956 4580 G
1253 4494 1394 4595 mulae,
