3800 5342
490 360 575 442 124

419 485 467 565 de
492 511 571 587 quo
597 485 724 567 minus
749 485 872 563 inesse
899 480 1070 562 videtur:
1098 505 1189 582 ergo
1214 482 1251 562 tr
1277 483 1324 564 de
1343 508 1421 586 quo
1437 484 1566 587 'magis
1587 486 1659 565 dcc.
1686 510 1769 568 nou

421 586 526 666 valet
553 589 594 666 in
620 588 778 666 materia
805 585 1131 683 Privilegiorum.
1170 584 1322 663 Habent
1351 608 1479 666 tamen
1513 591 1588 666 alia
1617 587 1770 687 privile·

422 686 511 803 gia,
536 714 600 787 per
625 714 706 789 quae
735 689 901 788 possunt.
929 687 980 762 Et
1007 685 1052 762 de
1074 687 1317 800 Sacramenta
1341 689 1578 803 Paenitentia
1606 716 1684 767 non
1714 687 1768 803 cll
1861 766 1862 777 Ν

420 789 581 868 dubrum
609 818 617 867 :
645 789 716 868 Sed
743 790 789 867 de
815 787 1057 867 sacramento
1083 787 1267 963 (juggons
1293 787 1438 865 Chnslr
1463 791 1517 867 est
1544 814 1667 867 unum
1689 790 1767 866 Prt-

421 889 644 988 vilegium,
681 891 783 967 inter
819 887 893 966 alia
919 886 1104 965 bonifacii
1130 889 1148 964 1
1234 887 1409 966 habitum
1440 915 1504 986 per
1531 889 1763 989 Magistrum
1861 934 1862 961 r

420 990 602 1085 Ordinis,
628 990 733 1086 cujus
758 989 906 1088 copiam
935 1009 1067 1088 potero
1095 987 1203 1067 vobis
1230 987 1406 1083 mittere,
1424 989 1457 1067 sr
1487 991 1647 1084 voletis,
1673 1015 1764 1069 cum

385 1160 388 1167 .
423 1087 594 1169 habuero
621 1116 678 1170 res
704 1114 829 1185 meas,
855 1087 929 1167 five
958 1089 1097 1167 nostras
1123 1088 1169 1166 de
1181 1090 1325 1165 Roma.
1353 1092 1413 1167 Ad
1440 1090 1539 1186 alia,
1565 1116 1648 1190 quae
1667 1116 1766 1190 quac-
1861 1122 1862 1137 ι

421 1187 506 1268 ritis
531 1191 576 1268 de
603 1191 826 1290 quibusdam
854 1190 980 1268 verbis
1004 1190 1195 1269 contentis
1223 1188 1262 1266 in
1289 1190 1401 1269 certis
1414 1191 1648 1292 privilegiis,
1673 1217 1765 1292 qur>

420 1290 538 1367 modo
575 1293 735 1370 debeant
771 1289 937 1389 intelligi
975 1290 1075 1369 circa
1108 1289 1473 1370 administrationem
1501 1293 1761 1371 Sacramenta

423 1413 535 1485 rum,
562 1392 768 1488 nescirem,
795 1416 863 1471 vos
890 1394 987 1471 bene
1015 1390 1240 1486 informare,
1267 1390 1335 1470 nist
1364 1392 1530 1471 viderem
1559 1394 1673 1471 verba
1690 1392 1761 1491 pri·

418 1490 502 1569 ‚vile
531 1491 654 1571 iorum
683 1492 961 1592 praecedentia,
997 1493 1035 1570 8(
1062 1491 1283 1592 sequentia.
1311 1492 1361 1572 Et
1387 1495 1550 1589 recolo,
1578 1518 1640 1571 me
1667 1492 1760 1571 alias
1861 1510 1862 1515 ‘

421 1518 644 1671 consuluisse
671 1597 778 1694 super
805 1594 963 1674 materia
990 1618 1077 1672 cum
1104 1590 1396 1692 allegationibus
1424 1595 1532 1688 iuris.
1560 1595 1696 1674 Unum
1710 1614 1764 1670 ta·
1861 1656 1862 1667 r

420 1717 513 1772 men
539 1693 683 1774 debetis
710 1696 904 1775 advertere
929 1692 1192 1793 singulariter,
1215 1695 1317 1792 quod
1342 1694 1383 1772 in
1405 1693 1595 1789 Ecclefia,
1622 1692 1762 1773 Ordini

422 1817 504 1872 non
531 1795 725 1894 subjedla,
762 1822 839 1875 non
866 1796 1012 1875 debetis
1040 1795 1101 1872 vel
1126 1793 1371 1874 consessiones
1396 1795 1560 1889 audire,
1597 1796 1660 1872 vel
1689 1793 1761 1871 alia

421 1893 663 1976 Sacramenta
689 1897 898 1977 ministrare
924 1917 1057 1974 contra
1085 1896 1322 1973 voluntatem
1350 1894 1479 1989 illius,
1504 1895 1568 1975 cui
1593 1895 1681 1974 talis
1693 1895 1761 1975 Ec·

421 1994 531 2073 clesra
558 1996 610 2075 est
636 1997 796 2095 sublesta
822 2026 836 2090 ς
861 1997 950 2098 quia
977 2022 1054 2074 non
1082 1997 1195 2074 credo
1218 2049 1231 2090 ,
1256 1997 1357 2095 quod
1384 1999 1491 2075 Ordo
1518 1996 1657 2075 habeat
1686 1996 1760 2073 tale

418 2094 664 2198 privilegium
694 2126 706 2190 3
733 2099 769 2177 8(
795 2097 821 2175 st
850 2099 1030 2191 haberet,
1057 2116 1135 2175 no'n
1161 2098 1250 2189 esset
1279 2095 1476 2175 honestum
1503 2097 1574 2176 illo
1601 2095 1657 2175 uti
1686 2122 1700 2188 3
1725 2095 1761 2173 8(

421 2192 450 2272 sr
476 2195 612 2297 aliquis
638 2199 709 2277 illo
735 2220 925 2294 uteretur,
950 2198 988 2276 8(
1014 2196 1120 2275 fieret
1147 2198 1307 2276 verbum
1335 2196 1529 2292 inCuria‚
1556 2199 1672 2297 posset
1686 2222 1760 2274 nra·

421 2318 544 2394 gnum
571 2300 785 2377 scandalum
814 2297 1035 2399 provenire.
1062 2296 1179 2377 Circa
1206 2297 1490 2396 Indulgentiae,
1512 2323 1605 2398 quas
1633 2296 1762 2397 petitis

420 2419 496 2494 pro
520 2397 821 2500 ingredientibus
845 2397 990 2477 dib'tum
1016 2397 1235 2493 Ordinem,
1263 2420 1399 2499 potero
1425 2421 1568 2479 tentare
1597 2399 1677 2498 poll
1704 2420 1762 2477 ex·

421 2495 657 2595 pedirionem
685 2501 925 2600 aliquorum,
950 2523 1033 2598 quae
1061 2498 1185 2578 habeo
1211 2524 1283 2599 pra
1310 2500 1511 2592 manibus,
1534 2499 1573 2577 8(
1600 2525 1669 2578 vos
1696 2497 1760 2576 mi·

420 2596 465 2675 hi
495 2596 632 2676 iterum
659 2600 902 2679 rescribetis:
928 2599 990 2677 sed
1016 2600 1061 2676 dc
1088 2599 1330 2698 Indulgentiae
1357 2602 1521 2701 plenaria
1548 2625 1626 2679 nun
1657 2598 1759 2699 cugi-

421 2698 544 2778 tetis.
580 2700 782 2779 Habebitis
808 2723 935 2778 auteur
971 2699 1049 2778 cito
1076 2700 1271 2779 vobiscum
1299 2702 1544 2781 Cardinalern
1571 2700 1761 2779 Mediola-

421 2800 576 2877 nensem
603 2826 671 2900 pro
699 2803 875 2903 Legato,
901 2826 921 2877 a
948 2827 1025 2900 quo
1052 2801 1223 2900 poteritis
1251 2802 1394 2902 aliquas
1421 2798 1679 2900 indulgentias
1703 2828 1761 2901 po·

421 2896 582 2979 stulare.
609 2905 707 2980 Item
734 2903 850 2982 mitto
876 2903 987 2980 vobis
1012 2903 1155 3001 aliquas
1181 2903 1342 2995 bullas,
1369 2903 1608 2998 prasenribus
1635 2901 1761 2998 alliga·

421 3018 506 3095 tas,
530 3001 640 3080 simul
667 3028 756 3081 curu
784 3004 929 3098 literis,
954 3000 1104 3080 direslis
1131 3003 1455 3081 Reverendiffimo
1484 3002 1670 3102 Magistro
1693 3005 1761 3079 Or·

421 3099 547 3197 diuis,
564 3103 608 3180 8(
635 3106 755 3182 Fratri
784 3102 1069 3198 Bonlubanni,
1094 3102 1206 3180 Socio
1233 3103 1332 3199 suu,
1358 3128 1449 3280 guas
1477 3104 1515 3181 in
1540 3128 1585 3182 ea
1610 3101 1763 3196 forma,

423 3226 498 3299 qna
525 3203 665 3296 mitto,
691 3203 837 3283 debetis
864 3203 982 3280 Fratri
996 3203 1259 3302 Bon-Johanni
1285 3230 1357 3281 con
1373 3230 1528 3304 ignare,
1551 3204 1587 3284 sr.
1604 3229 1685 3282 nun
1711 3228 1761 3281 re·

421 3301 525 3379 cellit
551 3329 574 3380 a
601 3305 740 3382 vobis.
778 3303 816 3381 Si
843 3324 971 3395 autern
998 3330 1020 3380 a
1048 3303 1157 3381 vobis
1185 3304 1408 3400 recessisset,
1435 3305 1592 3383 serveris
1617 3303 1762 3401 eas,&

422 3427 489 3502 per
517 3403 791 3504 multiplicatas
824 3403 1207 3483 literasintirnabitis
1235 3404 1421 3503 Magistro
1448 3406 1640 3501 Ordinis,
1664 3402 1763 3505 quod

422 3503 521 3602 apud
548 3529 619 3584 uos
643 3505 754 3603 sunt,
779 3507 972 3583 utexiude
998 3505 1377 3604 saciatisilludquod
1406 3508 1516 3587 vobis
1541 3504 1762 3598 scribetr&

422 3604 599 3703 poteritis
621 3605 737 3688 dislas
759 3607 888 3685 bullas
911 3607 1116 3705 dessigare,
1143 3606 1182 3683 8(
1206 3604 1337 3685 literas
1361 3608 1523 3686 misliras
1548 3609 1702 3700 eidem,
1725 3605 1759 3683 8(

421 3704 540 3783 Sucio
564 3706 629 3783 suo
656 3707 839 3803 direslas,
865 3707 934 3785 srbi
960 3707 1121 3785 fideliter
1149 3708 1427 3801 transmittere,
1455 3710 1632 3789 &bullas
1661 3708 1764 3786 reser-

421 3830 511 3883 vare
538 3812 729 3906 usquead
755 3812 869 3906 suum
890 3808 1137 3905 responsum.
1175 3809 1274 3906 Quae
1299 3806 1421 3886 Bullae
1446 3831 1556 3887 crunt
1584 3828 1695 3902 tres,
1729 3805 1763 3883 &

420 3930 552 4006 quarta
577 3911 649 3986 crit
678 3937 756 3989 una
792 3908 902 3988 litera
931 3907 1091 3985 Domini
1123 3907 1341 3986 Cardinalis
1367 3910 1568 3991 Laudenfis
1604 3932 1703 3989 cum*
1722 3904 1761 3985 sr-

420 4008 521 4105 gillo
544 4034 682 4108 magno
709 4014 754 4089 de
781 4036 887 4089 cera.
914 4009 1007 4086 Alia
1031 4033 1109 4085 uon
1136 4007 1262 4086 scribo
1287 4008 1397 4087 vobis
1422 4012 1467 4090 ad
1492 4013 1669 4111 presens.
1698 4011 1765 4093 Va,

422 4109 502 4187 lere
528 4109 568 4186 in
595 4112 770 4189 Domini>
792 4164 805 4205 ,
831 4132 873 4186 ιιι
900 4130 1005 4208 optat
1032 4108 1102 4185 dcc.
1130 4109 1276 4186 Datum
1305 4110 1470 4191 Virerbii
1499 4112 1559 4191 die
1576 4110 1763 4211 ,vigesrnra

422 4234 527 4291 nona
553 4211 692 4297 mensis
716 4208 950 4295 Novembris
982 4236 1086 4307 1405.
1165 4209 1295 4291 Vester
1322 4213 1451 4295 Frater
1465 4213 1685 4393 Ubertinus
1699 4212 1764 4292 &c

1641 4337 1718 4392 tern
