3800 5342
480 372 562 456 372

414 484 527 577 mane
555 490 766 598 contigisset
779 487 860 573 fieri
879 486 1088 570 areniotis.
1116 482 1266 568 Etcum
1279 486 1468 595 diceretur
1480 485 1630 587 eidem,
1658 492 1765 593 quod

412 597 481 676 sibi
509 599 661 678 deberet
687 597 892 695 diligenter
918 593 1137 685 advertere,
1163 615 1250 671 curn
1278 593 1365 669 esset
1389 591 1533 688 juvenis
1555 594 1698 690 valde,
1720 621 1766 674 ac

413 700 540 805 specie
564 726 641 780 non
668 707 800 799 parum
826 699 962 777 decora
989 718 1217 795 quamquam
1245 692 1332 771 satis
1358 692 1499 791 abjecta
1526 748 1538 788 ,
1574 694 1612 772 8(
1638 697 1766 775 oculis

412 801 559 901 semper
584 801 630 878 ad
657 822 795 880 terrani
823 795 984 877 demiffis
1012 796 1226 890 incederet,
1255 794 1453 874 humiliter
1482 796 1765 896 respondebat.

410 902 461 980 Se
490 903 629 981 bonam
658 902 796 980 habere
824 899 1054 991 custodiam,
1083 897 1144 976 vel
1170 895 1361 976 custodem
1388 897 1428 975 in
1457 898 1555 977 cella
1567 897 1630 976 sua
1658 923 1767 976 nien·

412 1002 482 1083 iili
509 1003 655 1106 semper
681 1003 900 1081 mentaliter
925 999 1152 1094 conllituta,
1180 997 1219 1076 in
1246 1024 1320 1099 qua
1348 1025 1475 1078 coram
1491 1001 1600 1095 Deo,
1626 999 1767 1080 &san-

414 1101 485 1181 elir
513 1105 587 1183 siais
613 1103 792 1183 assistebat
819 1128 1047 1206 quocunque
1075 1100 1173 1195 iret,
1199 1100 1261 1178 vel
1290 1099 1418 1196 staret,
1445 1099 1578 1179 &sive
1600 1102 1690 1180 esset
1710 1103 1770 1181 so·

412 1205 478 1299 la,
504 1203 579 1284 sive
607 1205 772 1306 personis
797 1204 1136 1307 qualibuscumque
1161 1199 1360 1281 associata.
1386 1201 1581 1303 Siquidem
1608 1203 1647 1281 in
1676 1228 1770 1303 prae·

412 1304 492 1385 sata
529 1307 624 1386 cella
652 1308 810 1388 mentali
849 1305 1086 1406 singulariter
1123 1303 1399 1384 exercitabatur
1435 1305 1481 1383 de
1519 1330 1593 1406 qua
1629 1305 1769 1406 utique

412 1408 512 1487 cella
539 1435 585 1488 co
613 1409 723 1489 iosrus
749 1408 843 1488 alibi
871 1405 1116 1507 pertractatur
1141 1465 1151 1483 .
1189 1405 1230 1486 Si
1256 1425 1384 1485 autem
1420 1405 1635 1507 contigisset
1662 1406 1770 1508 quod

417 1435 742 1591 haberetleruire
768 1512 808 1590 in
836 1513 965 1610 aliquo
993 1508 1090 1611 patri
1117 1510 1184 1587 suo
1209 1508 1397 1606 carnali,
1424 1531 1541 1588 exeo
1567 1509 1671 1609 quod
1698 1507 1769 1588 fre-

419 1630 581 1711 quenter
607 1614 808 1714 podagram
837 1615 1088 1729 patiebatur,
1123 1611 1161 1690 8(
1187 1611 1364 1712 antiquus
1390 1611 1478 1691 esset
1516 1610 1669 1708 aeratis,
1707 1610 1773 1689 vel

314 1764 323 1779 „
419 1711 564 1812 aliquid
594 1714 809 1813 hujusmodi
836 1737 890 1794 ita
917 1715 1121 1815 prudenter
1147 1711 1214 1792 sibi
1241 1713 1495 1814 previdebat,
1529 1712 1566 1791 8(
1592 1732 1773 1814 parentes

324 1888 326 1891 ,
419 1812 485 1890 seu
512 1814 701 1913 genitores
728 1816 854 1896 taliter
881 1817 955 1896 luis
983 1816 1108 1896 verbis
1134 1814 1346 1895 humilibus
1376 1816 1643 1911 demulcebat,
1669 1813 1776 1915 quod

421 1912 527 2028 suam
555 1916 740 1996 intentam
754 1919 1002 2003 devotionem
1025 1919 1072 1998 de
1098 1917 1231 1996 auditu
1255 1917 1360 1996 verbi
1375 1916 1452 1995 Dei
1478 1916 1601 1998 abeis
1623 1936 1773 2015 gratan-

421 2014 562 2096 tissime
587 2018 813 2120 impetrabat
843 2076 857 2118 ,
881 2022 918 2100 8(
945 2019 993 2099 sic
1020 2020 1065 2098 de
1092 2019 1277 2098 audienda
1304 2017 1561 2119 predicatione
1589 2020 1702 2118 plene
1730 2037 1774 2097 ut

422 2137 619 2230 optaverat
646 2123 844 2201 obtinebat
872 2181 881 2198 .
920 2124 1004 2202 Nec
1031 2141 1110 2201 erat
1137 2122 1247 2218 tale,
1273 2120 1310 2199 8(
1338 2141 1487 2200 tautum
1515 2119 1611 2199 illud
1638 2118 1775 2198 delide

422 2240 523 2297 rrum
552 2221 703 2302 auditui
729 2224 836 2303 verbi
865 2223 942 2302 Dei
969 2224 1117 2304 ratione
1145 2244 1293 2303 tantum
1321 2222 1497 2320 sciendi,
1534 2241 1600 2300 aut
1633 2246 1684 2301 eir
1709 2222 1776 2300 ali·

421 2342 499 2418 qua
518 2322 755 2422 curiofirate,
782 2326 844 2405 seu
871 2325 1005 2427 quavis
1031 2326 1225 2421 vanitate3
1251 2325 1312 2405 sed
1340 2325 1460 2409 solum
1490 2323 1667 2404 intuendi
1697 2324 1775 2424 pla·

330 2476 335 2487 .
423 2422 532 2497 cendi
557 2426 667 2518 Deo,
692 2426 934 2527 ejusdemque
958 2428 1198 2507 voluntatem
1225 2425 1500 2528 cognoscendi,
1527 2424 1687 2505 &illam
1707 2450 1775 2527 pro
1895 2506 1896 2511 i

422 2520 572 2636 viribus
598 2516 853 2627 adimplendi,
880 2553 948 2609 nec
977 2556 1054 2607 non
1082 2529 1119 2608 8(
1145 2529 1318 2630 spiritum
1345 2529 1412 2608 suo
1437 2530 1577 2632 pabulo
1604 2553 1776 2608 recrean-

419 2621 487 2719 di,
512 2646 555 2703 ut
582 2623 630 2705 sic
657 2652 746 2707 vere
772 2628 945 2710 existeret
967 2629 1088 2709 veluti
1115 2631 1232 2709 altera
1244 2630 1395 2726 Maria,
1419 2656 1503 2731 quaa
1529 2630 1698 2710 libenter
1723 2631 1776 2712 se·

417 2722 511 2804 dens
538 2728 642 2809 secus
667 2731 779 2832 pedes
791 2730 954 2811 Domini
975 2733 1060 2832 Jesu
1087 2757 1176 2812 cum
1204 2731 1467 2834 inexplicabili
1493 2731 1773 2811 auiditarever·

419 2824 469 2901 ba
495 2830 674 2910 audiebat
699 2832 712 2911 i
740 2832 841 2912 lius.
880 2836 1036 2935 Propter
1062 2835 1163 2934 quod
1192 2835 1262 2912 suae
1288 2833 1467 2934 genitrici
1488 2833 1696 2934 aliquando
1721 2832 1776 2911 di

417 2926 550 3040 cebar:
577 2933 667 3009 Osi
695 2859 838 3013 {iretis
861 2936 965 3014 bona
994 2936 1124 3015 Mater
1150 2961 1238 3015 curu
1266 2956 1406 3036 quanta
1433 2934 1686 3015 delectatione
1713 2960 1776 3014 att

422 3025 489 3107 dio
517 3034 632 3111 verba
655 3034 757 3140 Deit
785 3036 958 3136 &postea
984 3038 1170 3133 addebat,
1197 3036 1535 3134 firmiterscitote,
1558 3039 1661 3139 quod
1682 3062 1778 3138 que»

419 3131 668 3249 madniodum
697 3134 1066 3218 illadeledlabiliter
1087 3139 1225 3236 audio,
1250 3137 1304 3218 ita
1330 3139 1367 3218 8(
1393 3165 1506 3239 opere
1532 3140 1688 3239 implere
1711 3141 1778 3220 de-

418 3227 540 3311 sidero
568 3256 805 3334 intantum,
833 3260 874 3317 ut
902 3240 1046 3341 singula
1072 3239 1245 3321 assedlem
1272 3240 1489 3321 cordialiter
1521 3239 1711 3336 retinere,
1737 3242 1778 3320 8(

419 3328 670 3450 effedlualiter
696 3337 903 3440 adimplere
930 3342 1069 3443 pariter
1095 3344 1352 3441 conservare,
1386 3342 1425 3422 8(
1450 3342 1505 3421 ita
1530 3368 1599 3444 pro
1616 3342 1779 3425 ’viribus

418 3435 627 3545 prosequi,
646 3438 715 3550 seu
743 3464 788 3518 ex
839 3442 879 3520 ui
906 3444 1098 3544 satagebat
1124 3465 1306 3545 tanquam
1333 3467 1424 3525 vera
1450 3445 1634 3545 discipula
1658 3443 1777 3523 Cliti·

418 3529 465 3611 sti
491 3535 601 3633 Jesu,
627 3538 788 3621 dicentis
831 3570 855 3622 e
879 3545 1020 3624 venisse
1047 3573 1125 3625 non
1153 3546 1276 3647 legem
1303 3547 1473 3644 solvere,
1499 3548 1560 3625 sed
1592 3546 1777 3648 adimple·

409 3654 461 3746 (ς
488 3659 553 3735 per
578 3638 746 3739 singula,
772 3668 819 3722 ac
843 3644 959 3723 etiam
989 3646 1110 3727 veluti
1137 3647 1324 3726 imitatrix
1350 3647 1505 3729 alterius
1533 3648 1673 3729 Mariae
1699 3650 1776 3729 Ge·

415 3735 567 3818 nitricis
604 3740 714 3841 ipsiui
740 3745 824 3843 Jesu
853 3749 970 3826 verba
1007 3748 1174 3845 ejusdem
1210 3751 1466 3830 conservando
1503 3776 1546 3830 ac
1573 3749 1694 3830 etiam
1733 3752 1777 3830 in

417 3837 534 3951 corde
559 3838 626 3923 illa
653 3843 778 3925 secum
805 3846 970 3928 dulciter
996 3850 1262 3948 conserendo,
1287 3853 1323 3930 8(
1350 3876 1397 3932 ex
1425 3852 1488 3931 his.
1504 3855 1658 3955 quando
1683 3879 1776 3934 coia

289 4033 291 4036 Α
419 3940 594 4039 tingebat
631 3947 734 4063 quod
773 3948 878 4026 serva
904 3950 980 4029 Dei
1017 3951 1231 4031 advertisset
1258 3951 1335 4031 Dei
1363 3956 1524 4033 verbum
1550 3955 1697 4052 avide,
1734 3955 1776 4032 8(

422 4057 570 4118 attente
595 4047 642 4159 ab
668 4046 753 4126 aliis
780 4050 901 4127 audiri
928 4052 1076 4131 summe
1104 4055 1404 4154 gratulabatur,
1440 4056 1477 4133 8(
1503 4056 1554 4135 ita
1583 4058 1629 4136 de
1653 4081 1780 4157 oppo-

406 4135 489 4218 -lito
518 4144 726 4239 plurimum
755 4149 989 4263 tristabaturss.
1017 4155 1068 4232 Et
1095 4154 1276 4256 cumpost
1297 4155 1564 4237 consessionem
1592 4160 1700 4237 suam
1714 4160 1780 4237 Sa·

416 4249 691 4325 eramentalem
719 4250 923 4351 aliquando
949 4277 1166 4335 occurreret
1193 4257 1257 4335 vel
1277 4255 1481 4356 aliasquod
1507 4284 1661 4340 mecum
1693 4260 1778 4362 pos·

417 4338 471 4419 set
496 4348 892 4455 quantulumcumque
919 4356 1027 4459 loqui
1052 4358 1099 4438 de
1113 4358 1202 4439 Deo
1225 4357 1281 4437 ita
1306 4357 1548 4440 reficiebatur
1574 4384 1694 4476 atque
1725 4362 1776 4440 sa·

1544 4526 1549 4536 .
1616 4488 1734 4569 grtia.
