3800 5342
105 450 228 547 ctiam
248 449 658 539 TertiumOrdinem
692 449 730 543 S.
749 446 967 575 Dominici
1002 451 1142 566 paffim
1174 474 1353 560 vocant,
1386 463 1439 540 ω’

105 590 197 707 quia
231 584 429 673 Saniium
461 585 732 672 Dominicum
764 583 897 669 veluti
930 589 1130 697 Patrem,
1164 610 1210 672 ut
1246 614 1346 673 mox
1378 585 1441 670 vi·

104 719 332 828 dabimus,
374 717 607 838 agnoscit,
651 714 704 805 ab
737 746 819 804 uno
853 716 1104 830 potissimum
1147 747 1198 802 ex
1231 716 1439 835 supralau-

105 852 203 939 ‹latis
235 851 337 937 viris
370 852 555 938 Venetiis
589 849 852 957 induilum,
892 876 1249 971 propagatumque
1282 847 1392 935 luisse
1426 904 1440 936 .

107 986 264 1072 Scilicet
298 988 448 1071 Beatus
480 983 668 1072 Thomas
702 1013 727 1070 a
762 983 874 1071 Senis
907 1012 1036 1071 novos
1069 983 1200 1068 etiam
1233 983 1277 1067 in
1304 986 1442 1067 Venea

107 1140 148 1203 ta
177 1115 296 1201 Urbe
328 1118 457 1202 filios
488 1113 677 1202 instituto
721 1115 820 1201 huic
852 1114 1150 1232 praclarilhmo
1185 1110 1441 1230 adoptandos

106 1269 211 1336 ratus
245 1307 259 1355 ‚
302 1247 491 1335 eamdem
525 1245 617 1362 ipsis
652 1248 828 1364 Spiritus
861 1250 1166 1357 alacritatem,
1203 1250 1243 1335 &
1279 1270 1445 1332 morum
1507 1326 1516 1341 ,

107 1377 473 1469 conformationem
530 1381 852 1467 communicavit
888 1441 906 1492 ,
958 1409 1084 1497 quarn
1138 1381 1183 1466 in
1225 1375 1444 1494 Discipula

98 1511 206 1597 olim
240 1509 345 1622 sua,
379 1515 418 1597 8(
453 1514 622 1600 concive
656 1506 887 1601 Cathariua
919 1513 1147 1603 admiratus
1180 1513 1350 1622 fuerat,
1383 1532 1445 1596 at·

96 1671 182 1763 ,que
214 1640 301 1759 ipse
334 1646 493 1761 primus
525 1648 665 1734 animo
700 1645 914 1737 hauserat.

39 1780 43 1786 “
78 1769 82 1777 ’
175 1781 320 1892 Atque
353 1777 440 1862 haec
483 1777 652 1895 quidem
686 1776 862 1891 omnia,
897 1808 992 1876 curn
1025 1781 1070 1866 in
1106 1781 1270 1867 Veneta
1304 1776 1444 1863 Eccle-

105 1907 163 1995 fia
197 1909 845 2031 commendationem-ueniunt,
888 1915 928 1998 8(
961 1912 1169 2001 Coenobia
1203 1907 1339 1999 Sancti
1359 1908 1450 1993 Do:

104 2041 271 2149 minim,
305 2047 344 2128 8<
365 2044 610 2131 Sanciorum
629 2047 797 2163 Joannis
817 2046 992 2134 &Pauli
1012 2042 1182 2132 mirifice
1216 2038 1448 2148 illustrant,

108 2195 202 2258 tum
233 2173 430 2292 originem
467 2178 648 2292 primam
681 2175 934 2287 ostendunt,
978 2208 1002 2265 a
1037 2207 1119 2293 qua
1154 2175 1290 2290 repeti
1323 2170 1447 2258 dehet

106 2303 374 2425 perexiguum
407 2309 622 2422 quidem,
666 2308 732 2396 sed
768 2312 976 2397 virtutum
1009 2306 1129 2395 laude
1173 2305 1277 2392 nulli
1310 2302 1451 2393 secun·

106 2434 204 2523 dum
238 2439 497 2529 Asceteritun
509 2442 761 2529 Monialium
782 2445 921 2545 Tertii
941 2441 1113 2530 Ordinis
1147 2444 1187 2527 S.
1207 2436 1450 2551 Dominici,

106 2567 213 2684 quod
236 2572 279 2656 in
291 2575 474 2675 Paroreia
496 2578 537 2662 S.
551 2576 729 2662 Martini
764 2574 886 2662 situm
919 2574 999 2682 est,
1035 2576 1075 2659 8<
1093 2601 1226 2688 nuper
1246 2569 1319 2656 sub
1339 2567 1455 2655 Prin·
1552 2658 1559 2664 ,

24 2812 25 2817 Ν
108 2702 208 2816 cipis
226 2708 338 2791 Petri
363 2708 553 2793 Grimarii
573 2708 613 2793 8(
634 2707 899 2794 successorum
919 2709 1031 2823 ejus,
1052 2707 1307 2793 authoritate
1329 2703 1368 2785 8<
1389 2723 1452 2786 tu·

106 2834 187 2918 tela
225 2834 457 2951 susceptum
486 2839 599 2923 fuit.
644 2843 770 2924 Porro
803 2838 935 2925 isthaec
966 2840 1107 2924 omnia
1137 2839 1367 2925 luculenter
1395 2829 1456 2920 cst

103 2963 376 3081 prosequutus
407 2973 455 3053 B.
478 2966 599 3083 „idem
633 2966 820 3055 Thomas
855 2966 1042 3056 senenfis.
1081 2970 1125 3053 in
1158 2968 1313 3054 duobus
1354 2994 1455 3079 opu·

107 3094 223 3184 [culis
260 3157 275 3206 ‚
318 3127 497 3212 quorum
542 3100 718 3185 alterum
763 3098 929 3220 insignis
964 3097 1224 3186 Bibliotheca
1257 3093 1455 3185 Coenobii

110 3229 353 3317 Sanctorum
386 3233 555 3351 Joannis
585 3233 624 3317 8<
658 3233 818 3342 Pauli,
871 3238 982 3318 'mter
1015 3230 1241 3348 pretiosam
1275 3228 1455 3320 aliorum

111 3360 496 3478 Manulcriptorum
529 3363 854 3479 suppellellilem
874 3363 1078 3452 afferunt:
1113 3366 1355 3451 &alterum
1388 3357 1460 3446 ad·

116 3492 302 3583 servatur
344 3500 389 3583 in
432 3497 694 3584 Bibliotheca
728 3500 928 3587 Fratrum
972 3496 1315 3611 Forojulienhum
1348 3489 1459 3586 Pra-

115 3623 344 3717 dicatorum
387 3628 439 3716 de
472 3629 750 3721 Observantia
785 3694 796 3721 .
838 3634 1063 3747 Propterea
1105 3632 1253 3717 utilem
1297 3630 1459 3719 institu-

115 3779 157 3844 to
198 3789 342 3870 meo,
385 3760 608 3881 gloriosam
651 3765 846 3873 Patriae,
899 3767 939 3849 &
983 3787 1222 3882 pergratam
1267 3756 1459 3853 universo

114 3891 429 3982 Pradicatorum
460 3897 620 3984 Ordini·
647 3926 714 3986 me
747 3925 838 3984 rem
870 3896 1074 3985 fallarum
1107 3897 1255 4013 putavi
1290 3958 1305 4005 ‚
1348 3897 1377 3980 fi
1410 3889 1459 3978 ii-

116 4022 157 4111 la
188 4026 277 4142 ipsa
310 4027 504 4145 opuscula
537 4031 581 4117 in
615 4030 747 4118 lucem
782 4029 1049 4146 proferrem.
1083 4027 1193 4114 Illud
1228 4028 1357 4115 etiarn
1391 4051 1462 4110 me

121 4156 323 4277 impulit,
357 4161 468 4278 quod
500 4162 554 4252 ab
587 4162 667 4251 hoc
702 4164 876 4253 authore
909 4160 1097 4254 doiitina
1128 4158 1281 4269 limul‚
1315 4163 1356 4245 &
1375 4160 1464 4276 pic·

1305 4315 1396 4381 late
