3800 5342
1274 368 1358 457 127

89 489 458 705 lllalf‘la
471 484 1424 709 lalfllllnlmlssi·,‘0³lll³m{3{⁹l‘3⁶l

92 696 184 800 quod
209 696 307 772 bene
343 695 420 794 iple
450 715 577 772 totum
615 693 689 773 hoc
714 692 909 783 videbare
944 715 1033 806 quia
1060 693 1151 777 lrcet
1177 694 1244 774 rste
1269 700 1377 779 Ordo
1400 724 1425 779 a

93 818 221 897 magno
259 818 431 895 tempore
466 793 688 895 inceperit,
720 792 1049 893 &privilegiatus
1086 794 1200 874 fuerit
1227 822 1248 874 a
1274 799 1427 882 diversis

92 895 247 978 Summis
274 894 525 977 Pontificibus
548 922 565 987 ς
587 898 792 985 attamen,
826 892 916 995 quia
941 894 1041 993 Papa
1069 896 1182 999 plene
1218 922 1308 977 eum
1335 923 1423 983 runc

92 997 356 1094 confirmabat,-
380 992 523 1076 idcirco
545 992 696 1097 imple,
720 996 759 1075 8(
781 994 850 1079 ille
864 996 982 1096 ipsum
994 1020 1141 1101 novum
1153 999 1339 1079 Ordinem
1367 1028 1426 1103 ap

93 1100 275 1203 pellebat.
316 1099 367 1177 Er
395 1097 481 1177 ideo
505 1098 551 1176 ad
620 1097 809 1198 oposrtum
845 1098 1012 1175 nollrum
1040 1098 1263 1196 redeundo,
1300 1103 1427 1199 dico,

115 1199 181 1279 uod
208 1220 345 1279 votum
372 1197 537 1279 vestrum
608 1199 636 1277 it
663 1201 710 1278 de
738 1198 899 1299 ingrellu
926 1196 972 1274 ad
1001 1197 1251 1297 religionem,
1273 1202 1322 1280 de
1347 1228 1426 1303 quo

92 1227 390 1396 determinatur,
412 1300 517 1402 quod
543 1225 671 1381 nullus
697 1300 839 1379 detali
865 1297 974 1403 possit
998 1298 1240 1400 dispensare,
1275 1302 1345 1381 nist
1372 1307 1427 1383 so·
1531 1330 1537 1358 r

91 1403 279 1482 lummodo
309 1403 407 1505 Papa
433 1429 446 1497 3
471 1401 509 1480 8(
537 1422 664 1483 tamen
690 1400 788 1480 istud
811 1426 893 1484 non
916 1400 1165 1498 conceditur,
1191 1428 1263 1482 nec
1289 1403 1333 1484 fit
1359 1428 1426 1508 per

182 1527 261 1581 mo.

95 1504 333 1785 pguantum
360 1603 407 1685 ad
432 1602 657 1687 Secundum
676 1602 860 1706 perreium
887 1599 967 1682 ciro
993 1601 1224 1701 respondeo,
1249 1605 1287 1684 8r
1313 1604 1425 1702 dic03

89 1728 130 1805 qu
202 1731 291 1793 curn
320 1703 546 1787 obedientiae
572 1705 752 1806 privata,
776 1704 816 1785 dt
841 1703 1011 1785 maxime
1039 1705 1320 1803 Dominarum,
1347 1706 1426 1787 five·

88 1807 282 1885 mulierum
310 1808 356 1883 ad
369 1805 565 1901 homines,
591 1805 664 1885 five
677 1807 880 1885 bominum
894 1805 940 1884 ad
964 1805 1143 1888 mulieres
1163 1808 1420 1889 communiter

90 1906 156 1985 lint
181 1904 375 2008 iuspedie,
402 1931 471 1985 nec
500 1908 663 1987 habeant
687 1905 953 1986 austeritatem
980 1909 1030 1986 ab
1056 1906 1247 2005 Ecclesia,
1271 1909 1425 1989 &com-

89 2007 246 2087 muniter
264 2006 594 2108 sempersoetorem
607 2008 844 2110 pepererint,
866 2008 907 2086 &
920 2032 1024 2097 nunc
1043 2006 1241 2109 plusquam
1253 2036 1423 2111 unquam

87 2108 129 2187 de
156 2108 236 2207 ipis
260 2109 367 2191 iteret
394 2128 544 2210 tempus
571 2113 728 2213 praesens
754 2135 767 2203 ς
793 2109 881 2187 dico
908 2108 1025 2187 talem
1052 2110 1312 2191 obedientiam
1341 2136 1420 2195 non

87 2209 161 2287 else
179 2207 441 2310 obligatoriam
469 2236 483 2304 3
507 2210 545 2288 8<
569 2209 623 2303 est
649 2209 772 2312 magis
795 2207 1130 2307 commendabile,
1155 2208 1321 2310 ligamen
1346 2212 1426 2291 tale

89 2307 300 2405 dissolvere,
324 2336 438 2413 quam
464 2334 747 2407 manutenere,
772 2308 842 2391 nisi
869 2309 993 2390 forsan
1018 2312 1090 2391 effe
1114 2311 1354 2413 contingeret
1379 2313 1429 2394 de

92 2408 412 2514 lieential'apae,
439 2413 499 2492 vel
529 2412 668 2514 proprii
700 2412 950 2495 Dioeceiani.
988 2412 1132 2491 Nonne
1159 2413 1297 2492 videtis
1323 2439 1392 2493 vos
1416 2465 1431 2508 ,

92 2512 185 2608 quod
211 2514 446 2595 contrarium
473 2514 593 2594 facere
620 2515 672 2592 est
691 2515 844 2616 rapina,
867 2514 906 2592 dr
929 2512 1194 2615 presumptio?
1210 2512 1431 2615 ,Rapinaest

92 2634 247 2711 exparte
274 2613 403 2710 illius,
428 2614 494 2714 qui
520 2614 714 2716 seobligat
739 2617 786 2694 ad
811 2615 1068 2695 obediendum
1096 2615 1431 2716 privataepersonae

89 2716 221 2828 abique
248 2713 405 2795 licentia
431 2716 575 2819 illius,
607 2717 676 2794 sub
713 2716 820 2811 cujus
851 2715 1073 2795 obedientia
1106 2717 1300 2799 ordinarie
1327 2738 1431 2809 totus
1537 2808 1540 2809 ⁷

86 2811 311 2908 iubjrcitur:
340 2814 583 2912 Praesumptio
609 2838 657 2891 ex
683 2837 787 2914 parte
804 2814 943 2908 illiue,
967 2814 1034 2914 qui
1059 2817 1431 2918 curamrecipitani·

89 2937 231 2993 marum
260 2966 273 3010 ,
310 2913 400 3014 quia
428 2913 666 3014 semetipsum
701 2914 790 2993 facit
817 2911 1005 2993 Pastorem
1033 2913 1185 2992 illarum
1213 2941 1434 3015 pecorum,
1595 2948 1599 2955 ·

91 3012 245 3115 quaesibi
277 3041 299 3092 a
326 3014 392 3091 suo
416 3015 543 3114 primo
557 3014 702 3111 Bastore
730 3014 890 3093 minime
916 3015 1001 3093 sunt
1025 3015 1253 3097 tommilln·
1279 3017 1330 3094 Et
1343 3015 1431 3119 ideo

92 3113 345 3195 communiter
372 3116 493 3212 illud,
518 3117 620 3216 quod
647 3115 783 3221 habuit
809 3118 953 3195 malum
981 3115 1244 3219 principium,
1270 3141 1355 3201 raro
1381 3139 1435 3199 re·

99 3216 122 3293 li
148 3218 271 3296 insum
295 3214 446 3296 obtinet
471 3216 589 3296 finem
618 3216 849 3314 ;&i11ud,
883 3221 987 3318 quod
1015 3217 1090 3297 fine
1117 3217 1250 3319 uigore
1276 3215 1433 3297 rationis

96 3243 305 3401 edmerum
328 3372 341 3413 ,
380 3344 448 3420 pro
475 3344 554 3399 non
580 3316 677 3398 fauo
703 3321 861 3399 debetur
887 3319 1027 3397 merito
1053 3319 1241 3422 reputari.
1265 3316 1318 3398 Et
1346 3316 1433 3398 ideo

96 3419 267 3501 audaeler
293 3418 416 3515 dico,
448 3443 516 3500 vos
543 3421 731 3499 ullatenus
758 3422 828 3500 eil'e
854 3418 1064 3536 obligatam
1091 3420 1273 3518 rarione,
1298 3442 1364 3500 aut
1390 3417 1433 3499 vi

97 3518 247 3620 alicuius
273 3521 499 3611 obedientie
526 3522 784 3622 particularis,
811 3521 872 3598 uel
900 3541 1054 3621 prrvatae
1083 3521 1357 3637 promiffionis,
1381 3518 1432 3601 fe·

94 3616 156 3705 ila:
175 3624 406 3724 ,cuicumque
433 3625 574 3722 absque
600 3622 755 3703 licentia
781 3619 891 3701 uellri
917 3621 1112 3701 Ordinarri
1139 3620 1372 3723 Superioris.

92 3782 95 3789 ⁴
146 3725 340 3823 Quantum
370 3725 416 3802 ad
443 3725 598 3805 tertium
626 3723 809 3825 pureum
837 3723 947 3820 dico,
972 3723 1075 3826 quod
1102 3721 1128 3802 fi
1155 3723 1220 3801 illa
1246 3723 1345 3803 ratio
1370 3744 1432 3807 va·

97 3819 207 3903 leret:
235 3825 317 3905 Post
343 3848 508 3907 mortem
535 3824 621 3904 talis
648 3825 768 3905 forsan
796 3848 874 3903 non
900 3824 1008 3921 erit,
1043 3823 1109 3927 qui
1138 3823 1274 3907 habeat
1297 3847 1432 3913 curam

94 3920 251 4017 detali:
279 3954 356 4006 non
383 3929 545 4007 debebat
570 3924 746 4007 Christus
772 3925 940 4026 incipere
971 3950 1116 4005 novum
1143 3927 1292 4011 Statum
1319 3976 1332 4022 ,
1371 3944 1432 4003 ne·

100 4045 165 4122 que
184 4026 308 4109 Sanni
323 4027 501 4123 Basilius,
521 4027 774 4123 Benedidlut,
800 4026 1056 4127 Augustinus,
1082 4025 1314 4119 bernardus,
1340 4022 1433 4103 Bru·

97 4148 171 4221 ⁸⁰2
188 4129 720 4226 Ronmlamnmmmims,
745 4129 1040 4224 &Franciscus,
1059 4122 1432 4227 acJohannesGual·

100 4220 243 4329 bertram
268 4231 305 4395 8r
329 4231 400 4326 alii
423 4230 643 4363 incepilleet
670 4254 789 4317 nouas
814 4229 1061 4332 Religionem
1089 4225 1429 4406 Nunquanbrogpsim
