3800 5342
400 365 1168 479 SS.Joniini.irerriui.i.
1313 381 1396 467 295

17 573 20 619 i
126 516 278 627 Joanuis
297 518 457 604 &Pauli
467 514 787 608 memoravimus,
812 511 1461 626 conflagravitannoMcccenxiuiu.

128 645 172 706 eir
198 619 353 726 integro·
374 615 605 720 hospitium,
629 616 733 716 quod
755 635 845 702 sum
874 613 1054 716 publico,
1081 633 1163 728 tuni
1190 612 1340 714 privato
1366 614 1462 692 elee-

127 722 367 820 mosynarum
395 719 570 819 suffragio
595 716 797 810 ornatius,
833 713 869 790 ἃ
895 712 1202 812 magnificentius
1237 735 1287 791 ex
1310 713 1384 793 suis
1409 713 1460 793 ci-

125 822 275 902 neribus
302 821 474 921 prodiit‚
516 815 562 897 ad
586 817 691 912 cujus
718 833 894 894 ornatum
933 813 1080 892 labores
1106 815 1190 893 suos
1215 814 1460 897 contulerunt

125 922 284 1001 illustres
310 922 382 999 viri
408 922 568 1021 Jacobus
596 917 841 996 Tinsioretiis
860 913 1060 1014 ‚lacobus
1088 915 1250 1011 Palma,
1275 916 1463 1020 Georgius

125 1022 458 1117 aCastrosmnm,
485 1017 640 1097 Parisios
667 1013 902 1108 Burdonius‚
929 1035 1041 1116 atque
1068 1015 1235 1094 Gentilis
1260 1014 1463 1098 Bellinus.

126 1104 275 1200 Horum
315 1122 459 1223 primus
495 1119 671 1219 diligenti
709 1119 803 1204 adeo
840 1114 964 1194 studio
998 1115 1096 1193 Divi
1125 1114 1251 1194 Marci
1286 1117 1386 1217 gesta
1423 1119 1465 1198 in

124 1243 284 1406 qugstuor
311 1223 449 1303 tabulis
475 1219 680 1324 expressit,
717 1241 761 1318 ut
787 1239 981 1318 tamquam
1005 1216 1097 1296 artis
1123 1216 1308 1304 miracula
1335 1218 1467 1310 haberi

199 1345 277 1402 int.

124 1349 636 1524 Pouraecipniuennni'one
663 1421 703 1502 in
729 1405 1019 1514 luocSodalitio
1044 1420 1185 1508 colitur
1211 1445 1286 1498 una
1311 1442 1358 1498 ex
1385 1420 1466 1499 Do·

122 1523 272 1604 minicae
297 1528 465 1622 Coronae
489 1525 626 1628 spinis,
651 1543 733 1630 qnae
759 1522 949 1630 frequenti
975 1523 1118 1624 populo
1143 1521 1329 1602 adoranda
1353 1545 1465 1622 expo·

122 1625 228 1706 nitur
254 1627 407 1716 nobilis
423 1651 567 1728 pompa
594 1635 771 1741 apparatu
797 1624 952 1723 siugulis
979 1649 1041 1701 vi.
1069 1622 1187 1706 Feriis
1212 1619 1347 1702 mensis
1361 1620 1465 1704 Mar·

123 1726 191 1804 rii.
221 1727 351 1808 l’ortio
376 1753 525 1827 quoque
554 1727 664 1808 uestis
689 1723 928 1805 inconsutilis
957 1725 1007 1803 D.
1031 1723 1082 1802 N.
1104 1723 1195 1824 lo
1225 1724 1264 1804 in
1291 1723 1462 1806 Sacrario
1510 1760 1516 1773 ·

119 1827 343 1921 asservatur,
368 1830 414 1906 de
440 1853 514 1929 qua
540 1827 619 1908 sule
644 1830 759 1910 verba
786 1825 947 1906 fecimus
972 1828 1022 1904 ad
1046 1823 1250 1906 Ecclesiam
1277 1825 1314 1910 S·
1343 1825 1461 1930 Moy·

120 1925 184 2022 fis,
211 1927 348 2028 Operis
374 1927 484 2025 hujus
513 1929 718 2020 Tomllk
741 1949 821 2029 pag.
834 1937 917 2029 361.
1212 2027 1215 2032 1

167 2028 346 2129 Superius
381 2025 571 2107 enuntiati
608 2027 777 2108 incendii
804 2031 941 2106 damna
967 2019 1131 2108 recenset
1161 2024 1317 2108 Marciis
1338 2030 1461 2108 Anto·

119 2128 202 2208 nius
229 2129 473 2227 Sabellicus,-
508 2130 548 2210 in
576 2129 643 2210 suo
669 2138 729 2212 De
749 2128 824 2232 fitu
850 2125 959 2206 Urbis
996 2130 1153 2207 Veneta
1179 2151 1291 2229 opere
1318 2128 1385 2208 lib.
1408 2129 1458 2205 ll.

118 2227 158 2308 iri
183 2229 397 2310 Olivulensi
424 2230 579 2331 regione
608 2230 667 2310 his
693 2230 849 2334 verbis:
887 2232 914 2298 ‘i
938 2227 1076 2309 Altero
1103 2250 1219 2330 ponte
1246 2228 1292 2320 ad
1317 2230 1459 2344 gemel·

121 2331 228 2427 „los
257 2330 377 2409 mittit
405 2357 500 2431 opus
524 2330 794 2434 amplissimum
821 2360 831 2412 ε
857 2357 900 2411 ac
927 2358 1001 2433 prae
1028 2329 1151 2409 nimia
1173 2329 1376 2412 altitudine
1402 2354 1460 2409 ca·

117 2486 143 2528 „
168 2432 304 2532 liganti
332 2432 478 2532 fastigio
507 2433 605 2511 vassa
632 2432 913 2534 magnitudine:
944 2433 1126 2534 cultuque
1153 2455 1249 2533 pene
1275 2432 1461 2547 paril'rae·

115 2534 379 2631 „dicatorum
408 2557 621 2615 conventus
646 2533 935 2637 quatuordecim
950 2534 1170 2635 Principum
1183 2533 1458 2637 cymiterium,

115 2634 318 2733 „sparsim
356 2655 437 2713 rota
463 2637 540 2713 arde
567 2634 742 2713 visuntur
779 2635 936 2715 illorum
975 2635 1253 2718 monumenta:
1292 2634 1354 2712 sed
1380 2659 1474 2714 om«

114 2786 142 2831 „
169 2734 277 2809 nium
306 2755 348 2810 ut
375 2734 543 2811 maxime
567 2759 731 2829 recens,
758 2735 810 2812 ita
837 2727 1112 2811 nobilissimum
1141 2733 1241 2813 Petri
1264 2732 1461 2817 Moceniei

117 2886 145 2929 „
176 2833 397 2931 Principis,
423 2856 470 2909 eir
498 2833 664 2912 hostium
690 2831 881 2910 manubiis
907 2829 1110 2922 etesium:
1149 2833 1316 2934 praejacet
1345 2837 1461 2918 Tem·

115 2931 235 3032 „plo
261 2955 460 3012 arearum
486 2933 636 3035 lapideo
662 2955 802 3034 ponte,
826 2932 892 3034 qui
921 2933 962 3014 in
988 2932 1154 3012 minores
1168 2932 1310 3030 birros,
1335 2935 1462 3020 &ma-

115 3087 142 3131 „
170 3035 267 3130 iores
293 3032 446 3114 mittit:
473 3034 601 3112 medio
629 3034 748 3112 nasio
775 3036 876 3115 circa
902 3056 1057 3150 pontem
1087 3033 1277 3113 Marciani
1304 3034 1462 3135 collegii

114 3189 141 3232 ‚,
166 3133 375 3231 conclave,
401 3134 498 3213 illud
525 3134 767 3216 clarissimum
796 3136 991 3216 nobilrbiis
1017 3133 1177 3215 tabulis:
1204 3133 1242 3213 8<
1267 3160 1460 3237 auroprae·

114 3288 142 3332 „
167 3235 328 3331 ditum,
364 3238 465 3336 quod
501 3235 577 3317 hoc
614 3236 864 3337 quadriennio
902 3262 981 3322 uon
1017 3234 1093 3315 fine
1131 3233 1252 3318 totius
1275 3234 1461 3328 Civitatis

115 3388 142 3431 „
168 3357 316 3414 merore
353 3336 462 3415 nos're
488 3361 565 3416 una
590 3338 839 3438 conflagravit
867 3367 876 3416 :
914 3361 1018 3417 nune
1043 3335 1201 3420 materia
1226 3340 1339 3440 longe
1364 3339 1462 3434 sum·

65 3447 72 3458 '
115 3487 152 3531 „r
168 3433 354 3535 pruosi0ie
383 3466 391 3512 :
418 3463 532 3616 giam
559 3461 680 3525 aurea,
697 3438 944 3520 instauratum
969 3438 1289 3544 :novissimeque
1317 3464 1338 3516 a
1364 3437 1461 3520 frou.

113 3588 142 3632 2,
168 3558 205 3615 te
231 3533 404 3616 Alovisio
457 3539 621 3634 ardano,
647 3539 802 3640 collegii
822 3533 1009 3639 Magistro
1035 3560 1211 3638 apparatu
1240 3542 1354 3640 louge
1373 3565 1462 3640 opii·

113 3690 140 3733 ‚‚
165 3639 336 3716 lentiore
357 3641 562 3718 excultum·
580 3641 711 3720 eadem
738 3667 824 3719 aren
850 3639 1117 3718 Bartholamaei
1131 3640 1391 3740 Brigomatis,
1413 3666 1462 3720 en

111 3791 140 3846 κ
158 3739 345 3839 ¹equestris
373 3741 489 3818 slatua
516 3764 673 3822 aurata:
708 3761 934 3826 ,marmorea
962 3740 1057 3820 moli
1085 3740 1256 3841 imposta
1283 3767 1377 3843 opus
1405 3742 1460 3823 ui·

111 3890 141 3934 „
167 3839 324 3920 sendum
342 3871 357 3918 e
384 3867 502 3939 quum
531 3839 611 3926 stac
638 3844 881 3944 proderemus
909 3842 1061 3939 publica
1087 3841 1256 3941 impensa
1282 3842 1459 3926 defuneto

112 3991 139 4035 ‚,
164 3940 329 4043 deposita
353 3939 438 4019 est:
477 3943 576 4022 vaila
601 3970 624 4021 a
650 3966 758 4043 tergo
783 3944 879 4023 arria
907 3944 1075 4043 Teruplo
1109 3944 1283 4040 adjeua:
1309 3968 1353 4021 ac
1381 3964 1460 4022 ram

110 4091 140 4135 η
164 4043 292 4148 ampla
318 4043 515 4122 conclavia
542 4073 553 4122 ε
592 4067 633 4121 υτ
660 4067 817 4126 centum
844 4073 853 4122 :
880 4045 917 4121 8<
943 4044 1108 4144 amplius
1135 4045 1322 4123 sacrorum
1352 4044 1459 4123 caiisa

108 4141 409 4234 „tinini-lenus
431 4167 548 4243 agant
568 4173 583 4226 a
605 4146 847 4230 Bibliotheca
871 4146 920 4226 ad
946 4144 1026 4225 haec
1053 4145 1186 4245 ingens
1213 4143 1333 4223 hortis
1356 4143 1461 4223 incu-

108 4277 139 4350 ζ’,
162 4242 278 4322 bans:
296 4241 371 4346 *qui
397 4265 486 4325 cuin
513 4267 733 4350 riomparvn
758 4245 1004 4330 aedificiorum
1030 4268 1136 4348 parte
1162 4244 1294 4346 slagno
1310 4246 1459 4324 alluun-

107 4357 264 4444 μω.
317 4425 416 4444 ,
498 4441 500 4448 ,
634 4377 637 4382 >

145 4499 149 4508 ·
287 4443 290 4454 ’
632 4453 636 4460 '
1305 4441 1410 4527 Prr‘or

1274 4627 1288 4666 t
