3800 5342
342 328 603 417 sancum
623 330 833 417 Sororum
853 330 1022 413 Taarn
1043 325 1159 413 Ouo.
1180 328 1254 414 &o
1350 354 1431 443 357

157 480 255 567 &am
281 482 586 563 Communitatis
622 477 781 561 formam
817 478 1087 575 adduxerunt,
1124 498 1236 578 atque
1273 478 1492 560 inviolabili

157 589 326 666 Decreto
352 583 583 677 statuerunt,
609 607 657 660 ne
683 582 858 678 deinceps
885 601 1050 658 uxorata
1070 599 1134 657 aut
1147 581 1291 677 vidua,
1317 582 1379 661 led
1405 585 1491 660 sola
1517 652 1518 659 a

157 685 424 765 tantummodo
437 684 636 784 Virgines,
662 706 744 782 qua
770 702 912 757 annum
939 678 1489 780 aetatisxv111.attigilient,ad

156 787 319 886 ipsarum
346 785 576 866 consortium
603 778 930 893 admitterenrut,
954 801 975 858 a
1000 779 1106 878 cujus
1134 780 1227 880 legis
1255 783 1384 880 vigore
1411 785 1488 861 sola

155 887 323 966 Romani
350 880 543 965 Pontificis
568 882 777 962 authoritas
809 880 1018 981 dispensare
1045 881 1218 959 valeret.
1256 884 1341 961 Nec
1368 886 1493 961 multo

154 988 236 1088 post
261 1014 362 1066 anno
388 986 529 1066 scilicet
556 989 604 1064 ab
631 982 895 1062 lncatnationc
922 980 1088 1059 Domini
1100 979 1268 1058 Moero.
1296 983 1357 1063 die
1384 1005 1489 1063 xxxi.

157 1088 295 1167 Martii
321 1087 538 1167 Alexandro
565 1088 663 1186 Papa
675 1085 782 1163 Vlll.
810 1081 1011 1161 Abbatilsae
1036 1081 1099 1161 seu
1128 1080 1327 1179 Prioriffae,
1353 1083 1492 1160 &Mo-

155 1187 320 1268 nialibus
347 1186 570 1269 Monasterii
595 1187 631 1265 S.
653 1182 818 1264 Martini
845 1181 1080 1261 Mouialium
1108 1183 1263 1260 Ordinis
1297 1183 1333 1260 S.
1358 1184 1491 1263 Domi-

153 1282 232 1367 nici
260 1288 519 1389 Indulgentias
541 1285 658 1366 Scala
684 1283 827 1365 smera
851 1284 898 1361 de
923 1284 1028 1363 Urbe
1053 1281 1251 1362 concessit.
1278 1281 1364 1382 (C)

203 1389 414 1467 Obtentam
442 1388 584 1468 interea
609 1387 839 1468 celebranda
867 1384 989 1464 Misia
1015 1382 1256 1478 facultatem,
1282 1408 1394 1482 quam
1423 1411 1490 1484 pro

152 1487 270 1567 unico
297 1489 488 1568 Sacrificio
500 1486 715 1569 Patriatcha
726 1487 987 1565 Maurocenus
1008 1484 1234 1581 indulserat,
1259 1485 1368 1563 Sacra
1385 1486 1489 1566 Con-

148 1588 321 1691 gregatio
347 1590 539 1691 Episcopis
564 1591 601 1669 8r
627 1587 878 1687 Regularibus¹
905 1584 1095 1685 prapofita
1120 1611 1227 1664 anno
1243 1585 1488 1665 Muccxxru.

148 1687 211 1765 die
238 1713 273 1767 x.
301 1690 533 1793 Novembris
568 1692 615 1768 ad
640 1686 1007 1790 duastquotirliau'as
1037 1686 1240 1781 extendit,
1275 1709 1318 1765 ac
1354 1686 1491 1767 deinde

147 1787 371 1870 Benedidius
399 1792 504 1869 Xlll.
532 1814 633 1870 anno
659 1788 958 1868 Muccxnmdie
985 1808 1100 1865 rrum.
1128 1785 1310 1866 Odlobris
1330 1788 1377 1865 ad
1402 1813 1488 1889 qua
1626 1802 1635 1845 ²

142 1904 231 1968 tuot
247 1893 396 1991 absque
422 1891 636 1991 praeiudicio
662 1889 751 1987 juris
779 1888 1009 1967 Paroclrialis
1034 1886 1254 1986 ampliavit,

64 2004 66 2009 ’
194 1990 257 2068 Ad
284 1994 498 2091 augendum
526 1991 661 2070 deinde
688 1988 878 2091 spirituale
905 1988 1055 2087 piarum
1066 1987 1272 2087 Virginum
1298 1988 1482 2088 gaudibm

142 2088 313 2188 superius
336 2091 532 2172 enuntiata
559 2092 594 2169 S.
606 2093 799 2191 Congreg.
825 2115 929 2169 anno
944 2089 1140 2168 uincent,
1164 2088 1225 2168 die
1256 2115 1286 2166 1.
1312 2089 1404 2188 Julii
1420 2091 1485 2166 Pa·

74 2258 96 2303 N
143 2190 317 2271 triarchas
345 2193 620 2289 Venetiarunr,
647 2194 783 2292 (quem
810 2193 856 2269 ad
883 2191 962 2269 haec
983 2190 1190 2291 peragenda
1213 2189 1484 2271 instituitliae·

142 2311 315 2371 cutorem
344 2293 602 2393 Apostolicum
630 2292 643 2391 l
669 2293 766 2371 datis
790 2293 911 2372 literis
937 2288 1131 2370 mandavit
1153 2343 1167 2386 ,
1192 2311 1234 2368 ut
1261 2290 1344 2389 ipfis
1370 2290 1483 2368 facul

142 2409 261 2470 tatem
287 2394 508 2494 elargiretur
534 2395 577 2473 in
602 2395 750 2474 Sacello
768 2392 979 2477 ‚afferrandi
1006 2394 1067 2471 SS.
1093 2390 1337 2471 Eucharistia
1359 2393 1482 2469 Sacra·

140 2514 339 2602 ruentum,
365 2496 465 2598 quod
493 2516 620 2576 tamen
648 2497 759 2574 unice
786 2495 1008 2588 Sororibus,
1036 2494 1072 2570 8(
1100 2493 1139 2572 in
1157 2492 1316 2572 solemni
1330 2491 1483 2571 Pascha·

137 2608 186 2669 tu
212 2593 272 2671 die
300 2620 321 2671 a
347 2598 526 2693 proxima
554 2597 728 2675 Paroeciae
755 2597 922 2674 Plcbano
959 2594 1264 2673 ministraretur,
1299 2593 1379 2674 Tot
1412 2590 1480 2670 ita

137 2714 212 2788 que
239 2692 449 2793 privilegiis
475 2699 657 2774 decorata
683 2697 835 2773 Sorores
859 2697 997 2795 quibus
1024 2695 1139 2772 ctiam
1167 2721 1211 2772 ea
1236 2696 1484 2787 accesserant,

138 2811 222 2901 qua
248 2792 468 2873 Benedidius
496 2794 603 2873 Xlll.
632 2794 811 2872 munifica
837 2819 953 2873 manu
978 2794 1023 2870 in
1050 2794 1263 2870 universum
1291 2795 1327 2869 S.
1340 2794 1474 2871 Domi·
1513 2836 1516 2841 ·

137 2889 215 2967 nrci
243 2891 430 2972 Ordinem
457 2893 665 2994 effuderat,
688 2918 730 2972 ut
758 2895 902 2972 firmior
929 2918 1062 2970 earum
1087 2893 1222 2987 status,
1247 2893 1285 2969 u
1310 2892 1478 2992 quietior

10 3040 17 3045 -
136 2989 365 3088 perfisteret,
392 2994 516 3074 visum
541 2996 614 3092 est,
644 3016 685 3073 ut
698 2994 932 3074 Alcererium
960 2994 1027 3072 sub
1056 2994 1220 3073 Publica
1248 2992 1395 3094 pietatis
1423 3015 1479 3068 tu·

17 3114 28 3133 ·
72 3118 104 3153 rr
137 3092 215 3168 reia
241 3092 489 3194 reciperetur.
517 3098 748 3199 Eaproprer,
774 3097 869 3175 datis
895 3097 941 3173 ad
969 3094 1206 3195 Principem,
1232 3094 1480 3171 &Senatum

134 3189 364 3292 supplicibus
400 3196 565 3293 libellis,
592 3198 784 3299 publicam
812 3196 993 3299 pietatem
1026 3196 1205 3274 concordi
1233 3214 1325 3272 voto
1351 3215 1479 3271 exora·

133 3312 250 3390 runt,
274 3315 317 3372 ut
344 3298 594 3395 Oratoriurn,
620 3301 658 3377 &
684 3298 870 3397 adiecium
895 3296 1119 3397 Collegium
1146 3298 1194 3374 ab
1221 3294 1305 3395 ipiir
1331 3293 1477 3373 Sorotiae

120 3389 203 3472 ‘bus
229 3420 303 3475 are
315 3398 765 3498 proprioafundamentis
777 3398 1167 3497 extrudla,ipsosque
1179 3397 1369 3491 redditus,
1394 3395 1477 3495 qui-

134 3490 202 3573 bus
228 3498 382 3577 Sorores
408 3501 629 3597 alebantur,
657 3500 727 3579 sub
751 3498 862 3579 liberi
890 3500 1209 3599 Jurispatronatus
1235 3498 1354 3576 titulo
1388 3495 1478 3574 reci·

66 3652 68 3659 ,
130 3613 217 3712 pere
244 3599 481 3698 dignaretur,
508 3600 656 3703 ipsaque
685 3601 826 3680 Ducali
851 3603 886 3678 S.
911 3597 1042 3681 ‘Marci
1068 3597 1230 3678 Balilicae
1256 3598 1364 3677 unita
1390 3622 1478 3676 cen·

130 3694 236 3792 sen,
273 3699 310 3776 8(
336 3703 406 3780 elle
432 3704 668 3780 declararet.
707 3702 772 3779 Pia
799 3702 1005 3800 Virginum
1034 3722 1123 3779 vota
1159 3701 1308 3779 lubenti
1343 3699 1479 3777 animo

129 3817 360 3907 exceperunt
396 3803 435 3879 P.
457 3804 506 3880 C.
540 3803 694 3903 latoque
730 3803 777 3879 ad
803 3801 903 3896 diem
936 3832 966 3881 r.
997 3801 1132 3880 Martii
1168 3827 1271 3880 anno
1296 3802 1477 3879 Mureti..

128 3894 287 3976 inferius
314 3918 447 3979 notato
460 3903 655 3998 Decreto,
679 3902 910 3999 Ecclefiam,
934 3905 1122 4002 AEdesque
1133 3903 1365 3995 adjacentes,
1392 3924 1474 3975 orn·

130 4019 271 4099 nesque
306 4001 486 4080 Sororum
524 4027 727 4104 proventus
763 4006 831 4084 sub
859 4003 1020 4105 publica
1058 4002 1300 4101 protedlionis
1337 4002 1474 4077 umbra

30 4202 32 4209 ,
130 4101 300 4280 perffitui
350 4098 645 4204 urispatronatris
672 4106 788 4185 titulo
814 4106 1083 4205 sulccperunt,
1101 4128 1212 4201 acque
1242 4099 1379 4178 Ducali
1403 4101 1473 4176 Ec·

128 4196 188 4277 tle
272 4202 418 4329 adsedi
439 4207 696 4303 mandarunt,
723 4227 768 4287 ut
792 4205 838 4289 iis,
865 4205 1101 4307 privilegiis,
1125 4203 1339 4381 mamille
1356 4202 1475 4300 inpo-

244 4348 247 4355 “
1339 4327 1425 4379 rum

188 4496 206 4567 l
