3800 5342
1321 394 1405 476 373

118 520 290 623 ginrtam
315 517 358 598 in
384 534 538 611 mente,
564 512 781 616 quodcum
808 515 1079 618 corporeesset
1106 517 1250 618 jejuna,
1275 542 1465 620 carneque

120 620 293 722 vigiliis,
318 620 356 698 dt
382 619 466 708 aliis
493 614 770 697 austeritatibus
796 612 1040 719 spiritualiter
1067 641 1253 700 macerata
1282 675 1295 716 ‚
1332 621 1383 698 ita
1412 642 1466 697 ta·
1511 640 1513 643 ·

118 748 210 804 men
231 736 304 821 ipro
331 744 423 801 tunc
449 721 694 820 corporaliter
720 721 970 820 comparebat.
989 746 1031 800 ac
1058 720 1282 800 fidelitiosts
1308 721 1467 819 dapibus

119 850 163 904 ac
192 825 356 924 potibus·
371 822 492 900 suisset
519 819 654 899 tesedia
665 842 729 899 aut
753 821 925 899 saturata.
941 826 1131 901 lecenter.
1158 824 1209 900 Et
1232 845 1272 899 ut
1299 822 1467 901 brevitet

118 925 212 1004 huic
248 924 416 1026 capitulo
442 922 556 1001 finem
584 921 779 1024 imponam
818 921 993 1002 testificor
1021 922 1084 1002 hic
1111 950 1239 1002 coram
1267 924 1393 1017 Deo,
1427 923 1470 1007 δε,

119 1025 344 1105 hominibus
370 1025 471 1125 quod
499 1050 704 1124 nunquam·
730 1024 771 1102 in
797 1022 944 1104 seruere
972 1024 1121 1103 auditus
1156 1022 1468 1124 praedicationis,

118 1129 156 1206 8(
183 1127 289 1207 verbi
305 1127 383 1205 Dei
409 1124 669 1221 conditionis,
695 1125 733 1204 8<
759 1126 882 1206 aetatis
904 1127 977 1204 suar
1002 1125 1198 1205 soeminam
1226 1126 1387 1206 similem
1414 1147 1466 1205 at·
1580 1192 1588 1198 ,

118 1253 193 1330 que
231 1227 346 1309 etiam
374 1226 501 1306 virum
528 1252 591 1304 me
617 1227 693 1306 hnc
721 1227 836 1328 usque
862 1229 991 1308 recolo
1025 1229 1196 1328 reperisse
1223 1255 1236 1322 3
1273 1249 1315 1305 ut
1343 1227 1391 1306 ste
1418 1249 1467 1306 ex

117 1329 225 1409 omni
254 1352 357 1430 parte
384 1329 593 1409 ostenderet
621 1328 657 1407 se
683 1328 871 1429 sapientiae
899 1355 996 1409 verae
1022 1328 1196 1411 dileelrix
1233 1329 1279 1407 de
1305 1353 1469 1407 numero

117 1429 198 1512 sore
226 1432 406 1526 illorum,
431 1430 497 1533 qui
525 1431 611 1507 sunt
637 1430 804 1525 exDeo‚
830 1433 867 1510 8<
892 1432 961 1533 qui
987 1452 1168 1535 tanquam
1179 1429 1281 1514 beati
1306 1430 1468 1513 audiunt

118 1534 292 1614 Verbum
321 1532 423 1629 Dei,
447 1534 485 1635 dt
512 1531 728 1613 custodiunt
754 1532 873 1613 illud.
1446 1552 1461 1561 '⁴

116 1745 178 1817 De
195 1731 378 1848 fingulari
404 1733 504 1839 istius
528 1732 672 1816 eleeto
699 1736 856 1819 Domini
881 1733 1076 1819 devotione
1102 1735 1144 1817 in
1166 1733 1347 1827 audiendo
1375 1735 1469 1848 Mis·

160 1838 226 1939 sas
252 1866 292 1915 m
316 1834 482 1940 Eccseſsa
506 1861 704 1939 ceteraque
730 1839 869 1919 divina
893 1840 1045 1940 officia,
1083 1867 1126 1919 ac
1151 1840 1313 1938 ejusdem
1339 1837 1469 1916 diuini

168 1937 520 2141 offiziggneipsam
545 1963 626 2022 tam
662 1936 703 2019 in
728 1937 928 2045 Ecclefia,
964 1968 1078 2068 quom
1104 1940 1145 2022 in
1172 1949 1295 2024 Domo
1327 1937 1469 2023 devota

163 2064 232 2142 pru
422 2099 433 2122 .

481 2231 531 2343 C
588 2164 706 2343 U
765 2160 799 2344 u
857 2269 893 2342 r
1013 2230 1122 2345 Vl.
1243 2184 1246 2193 Ι

220 2463 479 2566 Oosrmiliter,
503 2469 693 2551 etiamad
720 2471 845 2573 plures
874 2469 1003 2550 Missas
1031 2469 1135 2567 juxta
1161 2481 1297 2545 votum
1323 2480 1388 2544 aut
1416 2462 1469 2541 se»

243 2571 411 2650 cundum
438 2572 540 2672 quod
576 2572 643 2652 fibi
671 2594 750 2653 erat
813 2574 1004 2654 ermislum
1030 2571 1106 2650 save
1143 2569 1183 2648 in
1209 2566 1375 2647 Ecclesia
1403 2565 1467 2678 sua

115 2667 369 2765 Perochiali,
402 2670 477 2748 five
505 2670 545 2748 in
572 2673 694 2751 nostra
720 2599 920 2768 exiliens,
956 2675 993 2751 8<
1020 2673 1137 2750 etiam
1165 2669 1311 2749 adalia
1337 2667 1470 2747 divana

119 2769 273 2863 officia,
299 2794 377 2847 non
404 2771 526 2849 solum
554 2797 667 2871 quam
695 2772 832 2853 devote
852 2798 960 2851 aures
981 2775 1170 2871 praebebat
1196 2770 1363 2848 intentas
1381 2790 1472 2867 quea

117 2866 367 2947 madmodum
395 2869 435 2949 in
463 2870 794 2974 predicationibus
820 2873 1005 2968 faciebat,
1030 2873 1093 2950 sed
1119 2871 1242 2949 adhuc
1269 2871 1369 2947 ultra
1396 2869 1499 2945 hoc‘

111 2969 266 3070 semper
290 2970 397 3051 flexit
423 2974 585 3074 genibus
621 2977 667 3054 ad
693 2973 828 3054 cundia
854 2974 1005 3079 praesata
1039 2970 1277 3053 devotissime
1301 2970 1472 3080 morabar

118 3089 181 3148 tur
207 3128 217 3148 .
254 3072 459 3153 Silentium
486 3075 630 3156 ibidem
657 3077 801 3178 semper
827 3077 1010 3172 servans,
1035 3075 1073 3154 8<
1099 3098 1208 3153 orans
1234 3094 1323 3149 cum
1349 3068 1473 3181 oculas

114 3170 270 3273 penitus
296 3175 459 3256 demissrs
485 3177 531 3257 ad
559 3199 696 3258 terram
723 3234 736 3274 ‚
773 3199 815 3258 ut
842 3202 1037 3280 nunquam
1065 3178 1151 3256 esset
1177 3198 1291 3276 quem
1315 3171 1404 3285 ipsa·
1418 3193 1474 3246 vr-

117 3273 249 3370 deret,
275 3278 338 3354 vel
363 3304 386 3356 a
411 3303 490 3378 quo
515 3281 627 3379 plene
655 3281 786 3360 videri
802 3284 917 3382 posset
944 3278 1107 3360 insacie
1134 3333 1148 3376 ‚
1173 3275 1291 3355 etiem
1318 3295 1475 3352 vemen-

111 3374 171 3452 -do
198 3377 243 3454 ad
264 3377 471 3457 Ecclesiam
497 3402 563 3459 aut
590 3383 780 3461 redeundo
806 3383 853 3461 ad
879 3384 1063 3478 domum,
1089 3400 1132 3459 ut
1158 3376 1258 3458 redle
1283 3374 1474 3479 quoddam

120 3475 210 3555 esset
237 3477 452 3579 speculum,
479 3480 719 3584 &exemplat
745 3482 978 3585 praecipuum
1004 3481 1230 3562 condorum
1257 3479 1374 3581 ipsam
1385 3500 1476 3555 eun-

123 3596 227 3673 tem‚
253 3579 291 3657 8<
317 3581 552 3663 in'Ecclesra
578 3584 798 3666 resrdentem
826 3584 1089 3682 intuentium,
1114 3608 1192 3663 non
1219 3582 1343 3659 solum
1372 3577 1476 3678 puel-

121 3677 271 3775 larum,
298 3682 362 3761 vel
388 3682 594 3782 juvenum,
620 3688 683 3765 sed
709 3686 952 3768 dominarum
978 3686 1095 3765 etiam
1123 3681 1411 3786 provectarume
1436 3679 1476 3756 lle
1566 3696 1568 3699 ·

122 3794 174 3857 ne
200 3778 474 3864 dumvirorum
502 3789 807 3885 mundanorum,
833 3788 895 3867 sed
921 3788 1038 3867 etiam
1060 3787 1314 3880 clericorum,
1339 3782 1476 3860 &Fra
1517 3834 1544 3889 ¹,

121 3899 227 3958 trum
254 3881 556 3995 religiosorum,
593 3889 632 3968 δι
658 3888 860 3990 praesertim
887 3889 936 3969 de
961 3887 1037 3989 ipsa
1064 3890 1241 3967 notitiam
1269 3882 1476 3996 aliqualem

123 3980 373 4096 babentrum.
400 3989 585 4068 Officium
596 3990 722 4071 Beatae
734 3988 905 4092 Virginis
926 3990 1132 4069 seeundum
1159 3983 1475 4068 consuetudtnem

125 4083 286 4161 Ordrnrs
311 4087 603 4170 Praedicatorum
629 4113 707 4172 tam
746 4091 789 4172 in
814 4089 1021 4188 flectere,
1056 4115 1170 4192 quam
1208 4087 1249 4165 in
1276 4086 1392 4162 domo
1428 4080 1476 4160 ad

121 4183 280 4283 plenum
308 4212 399 4269 cum
424 4214 561 4291 magna
587 4193 793 4275 devotione
820 4191 1065 4293 perficiebat,
1090 4189 1270 4270 diurnum
1297 4184 1478 4286 pariter,

121 4284 164 4362 &
190 4282 446 4399 novilurnum,
467 4290 560 4372 &ad
587 4293 693 4374 aliud
718 4294 890 4375 officium
917 4316 995 4374 ram
1023 4294 1070 4373 de
1096 4313 1267 4393 tempore
1287 4311 1402 4387 quam
1429 4283 1478 4362 de

117 4381 269 4468 Sennis
293 4386 395 4475 sellis
417 4393 455 4474 se
480 4395 652 4495 quotidie
679 4394 844 4497 amplius
868 4398 1104 4496 coaptabat3
1137 4395 1236 4475 unde
1262 4390 1478 4564 etiamspro

183 4558 188 4567 .
251 4554 257 4565 .
455 4540 458 4544 »
1350 4511 1429 4591 rpa
