3800 5342
1202 243 1212 281 Ι

1242 468 1244 477 J
1346 375 1426 481 365

10 558 11 561 ‘
147 526 250 611 uon
277 527 338 609 Ft.
363 523 550 628 Ioannem
579 521 798 605 Mcccxctv.
824 511 897 619 iam
926 524 1148 611 inchoatum
1177 529 1191 628 l
1217 530 1302 626 1),
1329 529 1365 609 8<
1391 528 1490 610 ordi.

146 654 307 725 natatu,
333 655 413 708 non
433 630 560 707 folum
586 628 633 706 de
659 625 817 716 laculo,
844 626 905 705 led
932 628 1049 706 etiam
1076 630 1122 708 de
1148 630 1489 712 aliisMonastetiis

25 743 26 747 '
147 732 305 835 proptia
333 729 460 810 salutis
487 727 610 808 traua
637 726 813 828 cupidine
831 725 1130 828 confugerunt,
1157 733 1258 831 quod
1277 754 1488 834 ,antequam

146 859 269 914 manus
296 831 459 913 Domini
473 831 707 909 ltlcccxcvu.
735 830 1015 929 compleretur,
1039 829 1378 914 dieti-monasterii
1403 835 1489 913 Mo

148 936 380 1029 uialcs,''me
405 934 451 1011 in
473 932 635 1032 ingteliu
661 929 738 1011 foro
762 927 965 1025 cuiuslibet
991 932 1339 1034 eatumassillenre,
1364 937 1409 1014 ad
1423 961 1491 1013 uu·

147 1060 298 1115 merum
323 1031 757 1134 quanottuagenrriom
794 1055 1046 1131 pervenerunt
1073 1061 1086 1127 3
1122 1033 1222 1112 inter
1248 1061 1338 1136 quas
1363 1061 1492 1136 quam·

148 1138 297 1238 plures,
322 1136 360 1213 8(
386 1157 502 1235 usque
531 1134 644 1212 h'odie
670 1131 861 1232 aliquibus
886 1133 1077 1217 translatis
1102 1134 1344 1233 adCoelum,
1370 1137 1490 1217 vitam

148 1239 276 1339 potius
304 1236 556 1336 Angelicam,
583 1260 695 1334 quam
723 1234 930 1313 humanam
958 1236 1096 1315 ducere
1121 1236 1422 1335 dignoscuntur,
1444 1239 1491 1315 de

147 1340 286 1440 quibus
319 1339 387 1418 lric
412 1338 459 1416 ad
485 1338 639 1437 prasens
676 1361 755 1419 non
790 1335 927 1436 spettat
961 1336 1074 1416 aliter
1108 1337 1325 1439 explicaro.
1364 1338 1493 1418 Simili

143 1442 264 1521 etiarn
300 1439 417 1521 modo
442 1464 464 1516 a
489 1437 699 1540 supradicio
735 1458 907 1543 tempore
940 1437 982 1516 in
1007 1436 1182 1519 Ciuitate
1209 1440 1492 1535 Veneriorum,

173 1542 390 1641 uamplures
426 1540 620 1640 utriusque
655 1541 761 1623 serus
798 1541 961 1642 persona
986 1564 1009 1618 a
1035 1565 1097 1619 me
1125 1541 1298 1621 habitum
1327 1541 1489 1644 supradi-

141 1569 195 1723 di
224 1641 381 1724 Ordinis
397 1642 451 1723 de
482 1640 709 1721 Poenitentia
735 1642 842 1722 Beati
864 1641 1090 1737 Dominici,
1116 1643 1347 1723 authoritate
1375 1644 1489 1722 inter·

148 1744 326 1825 veniente
355 1741 530 1843 Magistri
556 1743 593 1821 8(
619 1743 816 1825 Generalis
843 1743 962 1823 totius
974 1743 1131 1822 Ordinis
1158 1743 1298 1840 nostri,
1325 1745 1488 1846 suscepe-

140 1869 234 1928 runt
262 1875 270 1924 :
298 1846 349 1924 Et
375 1843 476 1945 quai
502 1870 659 1940 omnes,
685 1844 723 1925 8(
749 1845 915 1924 maxime
941 1844 1158 1941 mulieres,
1182 1846 1271 1926 teste
1299 1848 1424 1942 Deo,
1448 1847 1487 1926 8(

136 1949 459 2050 quemadmodum
487 1966 637 2047 apparet
664 1945 705 2025 in
733 1947 969 2047 praeallegato
996 1945 1182 2042 Libello,
1219 1946 1370 2040 fuerunt
1398 1972 1484 2049 pra·

138 2051 260 2152 cipuae
276 2046 464 2143 uirtutis,
490 2047 527 2125 8(
554 2045 673 2147 vita,
710 2047 773 2126 De
798 2072 1001 2148 quorum,
1035 2045 1109 2126 live
1135 2071 1296 2148 quarum
1323 2073 1485 2127 numero

136 2174 229 2232 tnnc
259 2149 438 2251 temporis
466 2147 702 2248 fingulatitet
727 2147 799 2228 suit
828 2149 907 2229 hac
933 2149 1047 2227 Soror
1061 2148 1225 2229 Domini
1251 2148 1388 2229 diretta
1400 2149 1485 2228 Ma·

135 2254 217 2349 ria,
244 2253 290 2331 de
316 2260 389 2352 qu'a
416 2249 651 2351 specialiter,
678 2250 767 2330 Deo
792 2250 940 2345 dante,
955 2244 1152 2352 prosequi,
1179 2251 1400 2353 &enarrare
1425 2250 1482 2329 in·

133 2354 352 2448 tendimus,
377 2352 583 2431 secuudum
609 2351 711 2452 quod
738 2352 778 2431 in
805 2351 1021 2450 huiusmodi
1050 2352 1201 2453 Ptologi
1228 2353 1384 2433 exordio
1411 2350 1484 2433 fuit
1578 2362 1581 2367 ’

135 2454 383 2558 exposrtum,
417 2454 453 2534 8(
506 2451 737 2533 ramirum.
774 2455 833 2535 Ad
860 2453 1020 2553 gloriam
1049 2454 1213 2533 Domini
1240 2454 1370 2534 Nostri
1396 2454 1483 2553 Jesu

61 2622 64 2627 .
133 2556 305 2652 Christi,
331 2557 368 2635 8(
394 2478 617 2635 Sardorum
644 2556 829 2634 suorum.
864 2555 947 2655 Qui
973 2554 1149 2636 Christus
1174 2553 1278 2658 Jesus
1302 2581 1391 2637 cum
1421 2557 1487 2636 Pa

134 2679 217 2755 tre,
243 2658 280 2734 8(
307 2657 448 2754 Spiritu
476 2655 612 2733 Sancto
639 2654 762 2748 vivit,
787 2656 824 2733 8(
852 2678 983 2756 regnat
1010 2683 1107 2737 unus
1130 2659 1238 2738 Deus
1264 2683 1329 2759 per
1354 2655 1483 2739 infini·
1531 2698 1536 2713 ,

134 2780 176 2841 ta
202 2758 337 2837 sucula
363 2751 605 2836 benedidius.
621 2756 785 2835 -llmen,

132 2876 137 2886 “
566 2886 572 2893 ’
979 2856 1150 2958 Explicit
1178 2860 1383 2964 Prologus,

172 3096 238 3173 (r)
259 3094 331 3156 vide
351 3082 497 3155 Decadem
519 3094 647 3172 primam,
663 3095 693 3155 in
715 3084 895 3156 Monasterio
912 3094 1053 3170 corporis
1071 3092 1198 3181 Christi.

132 3255 1486 3369 mmmmmmwmmmmmmmwmm

129 3465 322 3571 Incipiunt
345 3450 487 3565 tituli,
514 3465 598 3570 five
622 3461 774 3547 Tabula
799 3462 1053 3565 capitulorum
1083 3462 1272 3567 praesentis
1306 3463 1483 3566 Legendae

234 3561 565 3684 Beata-videlicet
591 3567 726 3683 Marias
748 3566 798 3683 de
813 3567 997 3670 Veneriis,
1022 3568 1158 3651 sororis
1182 3565 1330 3649 Ordinis
1349 3567 1484 3650 dero·

237 3692 404 3750 utcontra
425 3680 535 3752 Beata
561 3682 778 3753 Dommtctt

240 3875 275 3952 E
302 3872 413 3971 huius
423 3874 545 3957 Beata
567 3877 721 3979 proprio
746 3876 929 3974 nomine,
954 3898 997 3960 ac
1025 3872 1137 3979 ipstns
1163 3897 1241 3958 tam
1267 3897 1315 3955 ex
1337 3873 1481 3976 patria,

265 3999 382 4077 quam
407 3999 454 4058 etc
481 3979 701 4077 parentibus
735 3982 909 4081 origine,
934 4005 978 4060 ac
1005 3980 1217 4081 progenie.
1254 3977 1483 4080 Capitulum

185 4077 380 4179 primum,
404 4080 506 4179 quod
533 4081 694 4182 incipit,
719 4080 888 4179 Contigit
907 4107 989 4179 ergo
1009 4100 1105 4160 anno
1118 4075 1331 4183 supradilio
1350 4077 1431 4158 (lc.

128 4183 194 4262 De
223 4180 334 4282 ipsrus
358 4180 526 4260 maritali
553 4183 821 4286 copulatione,
845 4185 883 4263 8<
909 4185 956 4263 ad
967 4184 1134 4264 domum
1154 4178 1283 4265 mariti
1311 4178 1482 4260 introdu-

132 4352 140 4361 .
181 4279 310 4362 alione
331 4336 354 4393 ⁴.
367 4281 595 4383 Capitulum
622 4285 829 4367 secuudum
850 4340 863 4383 ‚
887 4287 991 4387 quod
1018 4284 1187 4386 incipit,
1212 4279 1376 4386 Prasata
1401 4302 1484 4380 ergo

188 4411 213 4462 a
239 4391 401 4465 Domtno
426 4389 509 4465 (Tc.
638 4454 659 4477 ,
1238 4408 1240 4411 ’
1375 4484 1416 4563 D

1419 4507 1439 4561 e
