3800 5342
1319 421 1323 429 ·
1370 373 1456 465 379·

116 533 122 541 ·
157 500 278 590 modi
305 506 448 604 verba,-
471 496 670 588 videlicet:
697 502 736 587 0
760 526 847 585 care
872 500 984 585 Pater
1009 494 1035 586 si
1062 498 1240 606 scitetis,
1271 523 1387 611 qnam
1413 504 1517 588 mala-

170 606 312 691 mulier
336 633 410 713 ego
434 607 489 688 sui
511 639 521 690 r
547 609 687 691 &ecce
710 608 851 688 nedum
877 607 999 686 carnis
1031 607 1250 706 incentiva,-
1273 612 1334 690 sed
1357 635 1426 691 nec
1448 606 1517 712 ipse

157 710 444 816 ¹primi-motat
466 710 507 791 io
533 709 736 791 castificato
761 728 920 809 corpore
945 728 1097 812 propter
1121 709 1254 827 gratia
1285 711 1438 815 copiam
1462 711 1518 788 vi·

156 810 361 894 debentur
384 812 485 913 posse
506 810 646 913 quovis
667 810 788 891 modo
820 809 1042 911 insurgere.
1078 811 1249 891 Minime
1283 830 1415 893 autem
1439 812 1519 892 vel-

171 916 277 1012 lem,
301 910 436 994 Lector
460 911 597 993 dilede
621 964 638 1011 ,
748 912 774 992 d
797 912 972 1014 quamvis
996 911 1077 993 hac
1103 911 1250 993 Christi
1274 914 1415 995 ancilla
1450 936 1524 1015 pro

170 1034 345 1118 tempore
368 1032 568 1117 antequam
595 1015 632 1094 se
668 1040 689 1093 a
740 1010 942 1093 Christum
968 1011 1132 1114 persedit
1154 1032 1395 1116 converteret
1423 1069 1437 1111 ,
1470 1036 1519 1093 ex

170 1115 396 1197 humilitate
419 1116 623 1197 semesam
648 1110 846 1197 soeminarrr
882 1112 1104 1212 vocitaret,
1136 1115 1370 1219 suspicareris
1400 1115 1518 1217 ipsam

172 1235 267 1299 tunc
291 1216 398 1297 fuisse
421 1216 553 1297 minue
576 1216 806 1314 honestam,
832 1216 1019 1318 quoniam
1045 1234 1230 1320 quantum
1257 1219 1304 1296 ad
1330 1217 1518 1297 mundum

170 1320 316 1421 semper
341 1317 610 1423 reputatasuit
636 1319 800 1399 honestat
834 1314 1169 1413 conversationis,
1201 1318 1372 1400 &samaa
1399 1368 1413 1396 .-
1446 1317 1521 1396 Sed

170 1419 266 1502 hinc
289 1438 396 1519 erat,
418 1421 526 1527 quod
539 1440 695 1503 omnem
717 1419 844 1503 adium
868 1437 1224 1523 quantumcumque·
1242 1418 1436 1501 modicum
1449 1418 1519 1497 im·

169 1522 353 1702 pudicum
380 1524 579 1624 reputabat
603 1524 746 1626 grande
769 1540 967 1625 peccatum
995 1539 1064 1623 p'to
1088 1540 1235 1623 quanto
1258 1540 1411 1624 propter
1485 1544 1518 1599 r·

187 1620 305 1705 esiam
340 1623 398 1704 sui
433 1622 718 1706 conversionem
749 1626 796 1703 ad
822 1622 1023 1725 Christum
1059 1622 1319 1703 admirandam
1353 1620 1426 1700 affe
1466 1620 1543 1700 io«.

169 1744 262 1804 nem
286 1744 511 1827 conceperat
537 1720 751 1806 nonsolurn
774 1722 823 1805 ad
841 1722 1054 1806 castitatem
1066 1721 1423 1820 Matrimonialem‚
1449 1741 1516 1802 aut

166 1825 389 1924 vidualem,
413 1825 617 1907 sed-etiam
642 1823 898 1929 virginalem,

217 1927 398 2029 Denique
433 1928 484 2007 de
506 1928 731 2009 obedientia
762 1928 841 2026 ejus
867 1920 961 2026 quid
986 1916 1163 2028 soquara
1195 1922 1301 2005 Cum
1328 1942 1350 2004 a
1386 1924 1515 2005 secuso

164 2050 362 2207 nunpoam
390 2026 550 2109 fimisenr
571 2029 743 2131 niderim'
767 2029 841 2108 suat
865 2028 1132 2126 conditionis,
1167 2051 1237 2106 nec
1264 2026 1389 2105 sorsan
1415 2027 1513 2105 visu-

163 2147 229 2209 rus
272 2151 336 2207 um
354 2126 395 2208 in
422 2129 610 2224 hac'vita3'
635 2130 817 2233 fiqoidenr
841 2120 972 2210 omnia
990 2129 1044 2209 ita
1069 2132 1122 2210 ab‘
1141 2152 1211 2209 ore
1233 2150 1320 2233 meo
1333 2146 1515 2228 tanquam

163 2250 188 2307 a
214 2228 388 2309 Domino
413 2228 512 2309 dida
537 2230 785 2333 suscipiebat,
807 2234 909 2332 quod
935 2228 1058 2311 veluti
1083 2232 1135 2312 ab'·
1158 2230 1238 2331 ipso
1249 2230 1338 2308 Deo
1362 2226 1517 2323 audita,

162 2328 428 2411 sivemandata
454 2357 543 2412 cum
567 2332 885 2431 summaiaetitia,
912 2350 958 2431 ac'
982 2332 1092 2412 fimus
1104 2328 1320 2411 reverentia
1340 2328 1514 2432 &prom-

147 2436 151 2445 ’
161 2432 360 2612 ῗῑίῑιιάἰηε·
383 2433 431 2512 ad
458 2434 615 2534 plenum
641 2434 849 2536 adimplere*
872 2435 1064 2530 curabat,
1096 2449 1139 2513 ut
1165 2452 1294 2513 coram
1322 2431 1409 2512 Deo
1435 2429 1512 2531 pos·

177 2554 233 2612 rm
258 2532 442 2614 veraciter
467 2530 682 2632 affirmare,
706 2560 771 2615 me
794 2536 1075 2638 non‘recosere,
1101 2535 1204 2636 quod
1231 2556 1398 2635 unquam
1422 2533 1512 2610 obe>

161 2630 348 2713 dientiam
376 2658 501 2713 meam
528 2636 641 2714 suerit
667 2635 805 2736 quovis
831 2639 948 2717 modo
973 2636 1172 2716 affcctione
1198 2691 1214 2733 ,
1247 2636 1313 2714 setr
1338 2631 1514 2714 affective

164 2735 417 2835 transgressa,
450 2733 545 2834 quin
572 2732 769 2813 inhianter
792 2734 900 2815 iliam
928 2760 1008 2815 non
1033 2737 1222 2814 affectaret
1249 2734 1415 2836 plenarie
1442 2753 1516 2835 pro

164 2832 317 2912 viribus'
339 2832 556 2912 executioni
585 2834 794 2914 mandare.
834 2836 920 2915 Nec
947 2837 1046 2914 hanc
1072 2835 1332 2914 obedientiam
1360 2853 1511 2913 tantum

164 2954 254 3033 erga
279 2931 501 3012 communia
525 2936 774 3033 observasset,
797 2934 859 3016 sed
885 2960 973 3053 erga
999 2954 1247 3037 quaecumque
1275 2934 1333 3014 vis
1358 2936 1512 3033 ardua,

162 3036 284 3115 etia'm
308 3034 495 3134 usquead
521 3028 743 3115 effusionem
768 3036 983 3138 sanguinis,
1008 3037 1139 3139 quod,
1160 3059 1202 3116 ut
1229 3034 1324 3114 infra
1337 3036 1515 3139 patebat,

163 3135 276 3215 avide
303 3134 474 3231 sitiebat,
498 3156 686 3239 quantum
712 3138 753 3218 in
779 3162 824 3223 ea
850 3136 973 3218 suisset
998 3138 1115 3218 modo
1135 3133 1324 3217 confimili
1345 3134 1512 3237 perfecis-

160 3232 218 3317 set
243 3235 288 3315 ad
315 3232 571 3317 imitationem
599 3259 725 3340 parata
752 3237 808 3317 sui
833 3239 987 3321 caelestis
1013 3234 1134 3341 sponsr
1160 3256 1173 3331 ς
1205 3236 1290 3340 Qui
1315 3235 1432 3317 sadus
1457 3232 1512 3316 est

162 3336 344 3418 obediens
370 3339 598 3452 nortorum
623 3342 739 3443 usque
764 3336 813 3420 ad
838 3364 1004 3424 mortem
1026 3356 1056 3441 ',·.
1080 3341 1142 3421 sed
1167 3339 1287 3421 etiam
1321 3337 1512 3441 usquead

160 3458 326 3519 mortem
351 3437 516 3518 Crucis,

221 3648 283 3722 De
306 3637 417 3739 hujus
439 3646 520 3724 Deo
545 3630 771 3826 diledaewad‘
797 3632 1000 3827 fflmum
1018 3633 1205 3747 machaa
1230 3634 1451 3740 charitate,

662 3768 668 3779 ‘
791 3773 805 3823 r
878 3774 985 3826 rone.
1433 3794 1444 3802 ··

391 3914 958 4079 'Cadur
1080 3926 1153 4037 X.

165 4147 303 4343 DE
328 4145 516 4239 charitate
539 4148 730 4263 proinde,
756 4158 821 4241 seu
845 4148 1043 4239 charitatis
1067 4152 1215 4238 diledae
1237 4156 1328 4235 Deo
1352 4169 1433 4233 tant
1455 4175 1509 4233 er·

295 4282 341 4360 ga
367 4259 498 4339 Deum
524 4262 561 4341 δι
587 4259 806 4362 proximum
832 4279 1075 4363 augmento,
1109 4261 1147 4339 δι
1173 4254 1424 4359 perfessione,
1448 4274 1512 4333 cu·

163 4360 222 4461 iris
247 4357 463 4461 sopradid'tae
488 4360 685 4465 religionis
712 4362 908 4462 virtutes,
941 4361 980 4441 8<
993 4379 1101 4545 {2¹ss
1124 4360 1211 4542 suznt
1243 4353 1514 4536 aptissrffiuin·
