3800 5342
1382 395 1404 482 5

133 572 160 620 „
187 538 261 602 tres
286 517 338 601 da.
357 519 593 603 Poenimntia
616 519 726 602 Beati
745 518 960 616 Dominio,
986 542 1133 625 propter
1152 524 1336 605 rationem
1363 524 1464 627 supe·
1529 516 1532 521 ’
1565 516 1594 533 ”

133 674 161 721 ,,
184 624 265 703 rius
289 624 536 726 affignutam,
562 622 916 724 comprehendendo
942 621 1059 700 etiam
1080 626 1301 705 &sorores

181 727 234 805 Et
260 727 349 826 quia
375 727 489 826 podet
514 725 654 825 quari,
679 749 792 824 quaro
812 749 922 801 nunc
947 722 989 800 in
1015 726 1280 824 portibusssistis
1299 727 1364 807 iste
1384 726 1464 803 Sta-

121 848 191 906 -tus
217 827 383 905 maxime
409 828 598 906 abundate
625 823 1115 919 videtneinmuiietibus,
1140 852 1253 926 quam
1281 829 1320 905 in
1350 826 1462 919 viris,

130 928 169 1006 8t
194 927 521 1031 monrespnnfione
547 928 777 1021 sciendum,
808 926 1001 1025 quomodo
1028 925 1066 1002 in
1094 926 1304 1024 supnuteto
1329 926 1464 1005 ottavo

108 1029 316 1129 ·Capitulo
343 1029 471 1129 prima
497 1029 610 1129 partis
630 1025 743 1104 aaa
769 1028 949 1125 Legenda
977 1027 1096 1104 Beata
1124 1028 1343 1107 Catharinoe
1370 1028 1464 1105 uite-

132 1130 208 1209 tius
235 1128 283 1208 ste
312 1129 471 1208 habetur
496 1131 541 1206 de
568 1128 675 1206 dietis
686 1127 908 1220 Sororibus,
936 1127 1134 1206 videlicet:
1160 1130 1358 1229 quomodo
1385 1153 1432 1227 po

127 1230 324 1308 exordium
354 1230 462 1326 hujus
488 1232 635 1324 Status,
662 1250 830 1328 tempore
858 1229 1105 1328 procedente,
1131 1231 1166 1307 8(
1194 1228 1462 1310 decedentibus

22 1360 23 1367 ¹
128 1330 345 1430 hujusmodi
372 1333 497 1410 Status
524 1332 638 1425 viris,
664 1331 822 1409 famina
849 1351 1108 1422 remanentes,
1135 1353 1287 1430 propter
1311 1328 1465 1429 religio·

22 1506 23 1513 Ν
132 1432 207 1509 sam
235 1432 380 1527 viram,
406 1448 520 1534 quam
546 1457 632 1511 cum
662 1431 752 1509 vitis
779 1452 1001 1526 tenuerant,
1027 1432 1189 1531 amplius
1215 1436 1357 1512 nubere
1383 1454 1463 1508 non

21 1596 22 1599 ,
130 1534 333 1629 audentes,
360 1533 518 1629 statum,
543 1558 655 1634 quem
683 1536 944 1627 servaverant,
970 1532 1244 1617 continuabant
1271 1556 1387 1633 usque
1415 1530 1463 1609 ad

21 1698 22 1703 a
130 1634 329 1729 mortem,
350 1637 452 1736 quod
477 1658 674 1713 cernentes
698 1634 781 1711 niia
807 1660 884 1712 non
914 1634 1025 1730 huius
1048 1632 1161 1713 status
1188 1634 1342 1728 uidua,
1379 1657 1462 1733 quaa

21 1778 22 1783 Ν
125 1736 368 1813 decreverant
394 1737 619 1813 viduitatem
646 1737 821 1828 servate,
861 1754 1058 1835 coeperunt
1094 1733 1210 1813 didias
1236 1738 1388 1813 Sorores
1413 1733 1460 1812 de

125 1836 355 1915 Poenitentia
382 1835 505 1915 saneti
535 1832 732 1917 Dominici
762 1837 860 1915 velie
887 1837 1013 1936 sequi,
1040 1860 1082 1915 ac
1108 1862 1236 1916 earum
1264 1837 1461 1916 observan-

21 1950 22 1959 ‘
125 1937 218 2015 tiam
245 1963 315 2037 pro
338 1938 507 2017 remedio
542 1939 694 2015 suorum
722 1937 983 2036 peccaminum
1024 1937 1162 2017 imitari
1186 1996 1196 2017 .
1223 1936 1284 2016 Et
1311 1960 1357 2016 ex
1385 1935 1460 2014 hoc

120 2038 374 2116 succrescente
388 2043 515 2116 ‘etiam
542 2037 640 2116 fama
667 2039 706 2115 B.
730 2038 952 2133 Dominici,
978 2039 1119 2117 &vita
1147 2038 1268 2117 santia
1295 2037 1459 2141 paritet,

123 2138 161 2216 8(
188 2137 371 2219 Domina
384 2140 554 2219 Fratrum
581 2139 867 2237 Ptaedicatorum
896 2138 1064 2218 filiorum
1091 2140 1243 2219 suorum
1272 2140 1310 2217 in
1339 2138 1460 2217 divet-

20 2254 22 2259 '
122 2236 169 2317 sis
198 2230 336 2321 Mundi
364 2242 555 2343 partibus,
583 2241 762 2341 paulatim
792 2239 856 2325 isse
883 2234 1033 2337 Statua,
1059 2240 1095 2319 8(
1124 2242 1275 2321 habitus
1302 2237 1457 2339 singula·
1663 2298 1668 2321 t

119 2340 212 2420 riter
237 2342 487 2423 succrevitin
515 2342 738 2422 mulieribus
765 2368 842 2420 non
868 2343 991 2420 solum
1018 2341 1225 2437 maritatis,
1252 2339 1456 2421 sedetiam
1604 2374 1608 2381 ·

121 2440 246 2543 viduis
274 2470 388 2547 usqne
415 2446 461 2525 ad
488 2443 653 2544 virgines
675 2502 683 2521 .
708 2444 761 2523 Et
779 2444 1035 2535 ,confirmatur
1062 2444 1270 2544 principale
1296 2440 1457 2542 propost-

120 2560 201 2623 turn
229 2544 345 2625 eniam
372 2570 418 2626 ex
444 2546 556 2626 aiio:
595 2546 789 2647 Quoniam
830 2571 918 2624 curn
959 2546 1029 2623 viri
1067 2548 1116 2625 ab
1152 2545 1308 2625 exordio
1345 2542 1458 2641 bujtts
1538 2631 1541 2636 ,

118 2643 252 2740 ssatus,
280 2668 449 2747 tempore
476 2646 655 2728 videlicet
682 2648 785 2727 Beati
799 2648 1021 2741 Dominici,
1049 2647 1307 2826 principaliter
1327 2645 1457 2723 assum-

118 2744 257 2841 pserint
284 2749 433 2827 dibiunt
455 2748 623 2845 statum,
651 2770 691 2827 ut
719 2770 820 2850 patet
849 2773 895 2827 ex
922 2748 1065 2846 dietis,
1101 2750 1147 2826 ad
1205 2748 1374 2827 areticot
1397 2746 1457 2824 de·

119 2846 347 2941 bellandas,
382 2851 421 2926 8(
446 2852 493 2926 ad
517 2850 762 2926 militandum
803 2849 966 2927 viriiiter
992 2871 1123 2928 contra
1151 2850 1336 2941 eosdem,
1364 2846 1457 2925 hinc

117 2945 190 3042 est,
217 2948 343 3045 quod,
369 2947 592 3027 cedentibus
613 2947 1047 3049 excaufissupradieiis,
1075 2949 1283 3043 haereticis,
1310 2946 1457 3026 nonest

19 3058 20 3063 ‘
114 3043 165 3123 ita
192 3048 463 3147 consequenter
488 3075 508 3127 a
536 3048 780 3130 multitudine
809 3049 978 3129 virorum
1006 3046 1135 3128 ditius·
1153 3047 1264 3128 status
1288 3049 1456 3149 prosecu-

115 3166 173 3225 tus
198 3147 446 3247 generaliter,
472 3150 563 3229 ficut
590 3178 611 3230 a
638 3149 886 3244 mulieribus,
913 3152 948 3229 8(
977 3173 1022 3230 ex
1036 3151 1105 3253 hac
1118 3151 1225 3229 causa
1252 3149 1315 3228 hic
1343 3148 1458 3227 ssatus

116 3246 1456 3352 amptiuscomparetinpraesenrialibusinmutieribus,quaminviris:

114 3350 286 3447 quamvis
315 3351 353 3429 in
381 3352 509 3453 aliquo
537 3352 658 3451 loco,
695 3355 757 3433 vei
787 3353 915 3452 iocis,
940 3353 977 3433 8(
1005 3352 1189 3454 fignanter
1216 3353 1256 3431 in
1281 3350 1457 3430 Ciuitate

115 3448 363 3531 venetiarum
391 3476 570 3537 econtra
598 3453 661 3537 hic
689 3452 800 3535 status
828 3454 947 3557 magis
973 3447 1025 3535 'est
1051 3452 1203 3533 diffusus
1230 3450 1457 3532 invitishu·

115 3576 278 3650 cosque,
303 3579 415 3654 quam
443 3554 485 3634 in
514 3555 595 3661 ipis
608 3558 868 3637 mulieribus.
1335 3614 1337 3621 ι

113 3672 123 3765 '.
164 3654 261 3766 Item
292 3654 509 3751 sciendum,
535 3661 645 3757 qnod·
664 3660 703 3735 ‘n
726 3658 877 3760 prasato
899 3660 999 3737 libro
1027 3658 1136 3736 vaide
1159 3656 1318 3758 antiquo
1337 3655 1456 3737 etiam

113 3776 332 3837 inventmus
357 3760 545 3855 quandam
573 3761 768 3861 reguiam,
795 3760 856 3840 seu
885 3757 1037 3838 vivendi
1051 3757 1279 3854 formulam,
1304 3780 1458 3837 concer-

113 3875 271 3935 nentem
310 3857 412 3937 hunc
451 3859 610 3956 statum,
636 3887 725 3940 eum
753 3863 861 3961 copia
899 3861 1012 3939 unius
1038 3860 1231 3961 Priviiegii
1259 3855 1457 3960 supradidii
1537 3908 1539 3913 s

111 3955 289 4056 Gregorii
329 3960 378 4037 Pa
405 3986 433 4038 a
462 3961 527 4038 IX.
565 3960 638 4040 stve
666 3963 711 4040 X.
740 3963 754 4058 (
783 3964 833 4042 Et
862 3964 934 4042 hoc
998 3982 1156 4041 uantum
1193 3962 1239 4040 ad
1266 3982 1455 4059 tempus,

113 4080 189 4156 quo
215 4050 336 4141 didius
407 4085 490 4141 atus
525 4062 677 4143 sortitus
714 4062 765 4142 est
803 4086 946 4143 nomen
970 3988 1181 4160 dranum,
1209 4062 1246 4140 8(
1272 4062 1456 4138 Sororum

115 4155 271 4271 Militiae
298 4160 381 4260 Jesu
408 4162 574 4263 Christi.
601 4164 615 4261 )
642 4169 741 4265 Quae
767 4167 897 4266 regula
924 4164 1121 4261 includit,
1147 4187 1260 4264 quate
1288 4159 1361 4238 viri
1389 4160 1458 4237 hu·

78 4332 82 4339 .
112 4280 168 4369 tus
193 4262 320 4341 Status
344 4264 566 4361 deferebant
589 4291 740 4364 arma,
776 4269 812 4347 8(
839 4267 981 4347 deserte
1018 4285 1192 4371 poterant
1228 4288 1315 4342 cum
1343 4260 1457 4341 certis

111 4363 375 4466 cetemoniis,
402 4367 439 4446 &
466 4366 805 4469 exemptionibus,
845 4370 881 4449 8(
907 4366 1047 4448 multis
1066 4366 1150 4446 aliis
1173 4393 1185 4462 3
1221 4388 1345 4544 quemi
1367 4361 1458 4463 post-

1254 4491 1321 4545 mo
1350 4490 1413 4543 um
