3800 5342
420 538 470 619 do
498 538 756 642 principaliter
784 534 949 617 noscitur
977 531 1204 614 institutus:
1236 530 1339 633 quod
1366 529 1407 611 in
1434 528 1591 612 exordio
1616 527 1772 610 Conlli‘

419 641 618 721 rationum
646 640 735 720 dieti
764 639 920 719 Ordinis
947 638 993 715 ad
1021 637 1169 715 literam
1197 634 1439 715 continetur.

474 744 536 821 De
563 769 638 845 quo
666 741 809 821 Ordine
831 742 916 856 Ego
938 739 998 817 Fr.
1012 738 1185 817 Thomas
1212 735 1419 831 minimus,
1445 732 1674 836 &indignus
1697 731 1769 812 eiti-

421 841 516 922 stent
542 844 579 922 8(
606 869 706 924 anno
733 842 897 921 Domini
924 840 1144 918 Mcccxcv.
1172 836 1382 939 Sepulchra
1408 836 1621 916 Dominico
1649 833 1768 913 visita·

420 966 489 1041 to,
513 947 694 1025 Venetias
721 969 809 1024 cum
837 938 973 1045 galeris
989 942 1238 1045 ¹Venetorum
1276 939 1514 1033 adveniens,
1549 962 1638 1017 cum
1668 935 1767 1016 dieto

421 1070 547 1141 anno,
573 1047 610 1126 8(
637 1047 813 1148 deinceps
840 1069 906 1145 per
931 1068 1053 1122 annos
1076 1042 1319 1144 quamplures
1342 1041 1383 1119 in
1403 1041 1616 1120 Conventu
1644 1034 1767 1116 nostro

414 1146 486 1226 ·SS.
514 1148 694 1247 Ioannis,
720 1149 757 1226 8(
785 1145 891 1225 Pauli
917 1146 964 1223 de
977 1142 1175 1239 Veneriis,
1200 1143 1238 1222 8(
1263 1143 1536 1245 consequenter
1562 1138 1767 1218 hincinde

298 1284 309 1301 r
422 1274 491 1349 pet
516 1244 732 1329 Civitatem
761 1245 1036 1341 Veneriorum,
1063 1267 1155 1324 tunc
1181 1244 1247 1345 qui
1273 1242 1617 1345 quinquagenarius
1643 1237 1770 1340 praedi·

424 1348 588 1430 cationis
614 1349 785 1429 officium
813 1371 1064 1442 exercerem,
1102 1345 1256 1446 vigente
1283 1346 1399 1425 etiam
1428 1368 1518 1424 tuac
1546 1365 1623 1422 tam
1650 1343 1690 1423 in
1716 1342 1767 1417 di·

423 1448 486 1529 slo
513 1451 749 1546 Conventa,
775 1475 888 1553 quarn
917 1448 957 1526 in
983 1449 1195 1526 Conventu
1223 1446 1494 1543 S.Dominici,
1518 1469 1562 1524 ac
1590 1445 1705 1524 etiam
1728 1440 1766 1520 in

422 1550 663 1634 Monasterio
678 1546 1023 1653 CorporisChristi
1049 1549 1095 1628 de
1122 1572 1212 1628 vera
1236 1548 1471 1628 observantia
1499 1544 1692 1648 regulari,
1718 1567 1766 1622 re·

418 1653 545 1751 perite
572 1679 634 1731 me
661 1654 851 1754 contigit,
876 1652 1143 1750 quamplures
1170 1649 1366 1752 utriusque
1386 1652 1492 1728 sexus
1504 1648 1677 1748 personas
1689 1671 1766 1746 pro

364 1810 368 1819 .
421 1774 508 1851 pter
545 1756 718 1834 auditum
757 1753 1006 1848 verbiDei,
1040 1752 1077 1830 8(
1114 1751 1271 1851 praefata
1306 1752 1554 1832 observantia
1588 1746 1769 1849 regularis

423 1855 618 1957 exemplar
644 1857 690 1933 ad
716 1853 1018 1935 renunciandum
1057 1852 1192 1932 mundi
1220 1853 1486 1949 vanitatibus,
1521 1851 1558 1929 8(
1586 1851 1676 1929 Deo
1704 1849 1769 1926 ler-

424 1954 608 2036 viendum
635 1982 746 2057 quani
775 1959 872 2037 bene
899 1954 1113 2056 dispositas,
1139 1939 1468 2056 &consequenter
1493 1952 1667 2054 qnotidie
1694 1950 1767 2030 effi·

416 2057 549 2138 catius
575 2064 641 2160 pe'r
668 2056 844 2139 evicerim
866 2113 883 2154 ,
917 2057 972 2137 ita
997 2054 1077 2136 sore
1104 2055 1253 2156 percepi
1281 2085 1290 2135 :
1327 2053 1649 2157 quemadmodum
1679 2072 1765 2129 tunc

418 2157 535 2237 eriam
564 2160 829 2262 quamplures,
855 2159 893 2238 8(
921 2158 1087 2238 maxime
1114 2159 1159 2237 de
1186 2156 1457 2238 confratribus
1485 2154 1598 2236 nostri
1613 2153 1765 2234 Ordinis

418 2259 507 2339 sunt
532 2263 707 2363 experti,
729 2261 775 2340 8(
793 2259 1031 2359 singulariter
1056 2260 1211 2360 quidam
1223 2261 1492 2355 Reverendus,
1516 2257 1765 2336 videlicetFr.

418 2358 582 2473 Ioannes
594 2361 797 2442 Doniinici
824 2364 870 2439 de
897 2360 1094 2440 Florentia
1120 2360 1335 2463 supradierae
1362 2359 1547 2462 regularis
1570 2361 1764 2438 observari·

419 2474 590 2541 tiae'tam
616 2465 703 2560 ibi,
728 2487 843 2562 quam
870 2464 962 2542 alibi
989 2461 1185 2564 singularis
1212 2461 1369 2559 fautor,
1395 2468 1432 2545 8(
1460 2483 1693 2564 promotor,
1727 2459 1763 2537 in

416 2580 602 2661 tanturn,
629 2585 672 2642 ut
698 2565 833 2665 aliquae
850 2566 1024 2664 'personae
1053 2587 1291 2646 remanentes
1317 2567 1521 2645 insaecula
1549 2563 1671 2642 vitam
1699 2560 1763 2638 mi·
1889 2601 1890 2645 1

412 2662 587 2744 rabiliter
613 2665 795 2745 ausieram
823 2686 975 2768 propter
1001 2664 1201 2745 Christum
1227 2669 1484 2747 assumerent.
1512 2666 1647 2767 Aliqui
1676 2689 1761 2743 vero

415 2765 586 2882 totaliter
610 2766 744 2846 relis'm
770 2768 916 2847 mundo
941 2768 1096 2873 arduam
1124 2769 1321 2870 religionis
1347 2768 1630 2850 observantiam
1648 2765 1760 2845 etiam
1888 2844 1889 2847 a

412 2888 548 2947 invitis
574 2870 793 2970 parentibus
819 2892 972 2970 propter
998 2869 1118 2969 ipsum
1146 2871 1362 2950 Dominum
1390 2869 1565 2951 audaeier
1584 2925 1611 2967 ,.
1633 2869 1671 2947 8(
1697 2865 1761 2945 ser·

398 2984 549 3083 ,venter
575 2971 806 3086 arriperent,
834 2992 874 3050 ur
902 2971 950 3049 sic
977 2972 1023 3047 ad
1051 2973 1185 3072 Regna
1209 2974 1377 3055 coelestia
1402 2972 1588 3075 cognita,
1614 2971 1652 3048 8(
1678 2995 1761 3049 con

376 3134 384 3145 .
408 3091 543 3187 cupita
571 3071 737 3152 habilius
763 3073 983 3153 evolarent.
1001 3061 1070 3149 Ex
1096 3074 1258 3174 quibus,
1285 3097 1328 3154 ut
1354 3072 1625 3177 demaseulini
1652 3072 1764 3150 sexus

329 3228 337 3249 i
411 3173 642 3284 religionem
670 3174 943 3254 assumentibus
968 3174 1194 3275 explicatius
1219 3177 1377 3277 loquar,
1404 3196 1462 3257 tot
1490 3174 1673 3255 Habitum
1686 3174 1761 3250 Or·

410 3273 511 3354 dinis
540 3273 831 3354 Praedicatmum
868 3275 1139 3393 assumpserunt
1156 3334 1170 3373 ,
1188 3281 1308 3380 -quod
1345 3278 1386 3359 iti
1413 3279 1566 3359 modico
1591 3296 1763 3375 tempore

410 3375 511 3453 ultra
537 3374 783 3477 odioaginta,
807 3376 870 3454 vel
895 3402 1104 3478 nonaginta
1131 3381 1278 3461 fratres
1304 3381 1346 3461 in
1372 3382 1584 3461 Conventu
1611 3376 1763 3473 Sandio·
1887 3376 1888 3385 '

361 3554 378 3563 „
409 3498 497 3555 ruiti
526 3478 716 3578 Joannis,
752 3479 792 3558 8(
819 3476 962 3576 Pauli,
999 3482 1097 3560 8(8.
1122 3482 1324 3563 Dominiei
1352 3482 1402 3563 de
1426 3480 1601 3561 Veneriis
1627 3483 1675 3558 ad
1702 3504 1763 3558 no·
1887 3566 1888 3569 p

412 3575 527 3658 litum
556 3581 744 3699 Ordinem
771 3582 859 3662 sunt
884 3581 1068 3682 recepti,
1103 3584 1314 3684 dequibus
1341 3585 1580 3686 postmodum
1610 3579 1762 3686 plurimi

409 3698 487 3795 tam
515 3705 692 3799 envita,
718 3709 833 3785 quain
861 3681 1069 3784 dedititia,
1101 3685 1137 3766 8(
1164 3686 1283 3789 aliqui
1310 3688 1585 3768 miraculorum
1612 3684 1764 3765 eviden-

408 3801 494 3897 tia,
520 3786 670 3867 eximiae
695 3784 998 3868 conversationis
1024 3788 1268 3886 extiterunt,
1292 3791 1339 3870 8(
1366 3788 1506 3869 samer
1532 3789 1578 3867 de
1606 3788 1766 3892 ipfisque

406 3904 448 3961 in
474 3908 578 3986 parte
604 3887 648 3967 fir
675 3889 822 3969 mentio
859 3888 903 3968 in
929 3889 1095 3988 quodam
1121 3891 1298 3990 Libello,
1323 3916 1439 3993 quem
1464 3890 1610 3993 incoepi
1630 3892 1686 3970 de
1711 3912 1768 3968 or·

402 4001 447 4061 tu
472 3989 583 4104 ,seu
611 3991 763 4092 origine
787 3991 904 4075 status·
927 3992 1140 4089 Fratrum,
1176 3992 1213 4072 8(
1239 3995 1421 4075 Sororum
1459 3994 1507 4073 de
1536 3990 1770 4074 Pmnitentia

346 4182 351 4191 Ι
405 4085 515 4167 Beati
542 4091 745 4172 Dominiei
782 4091 826 4173 in
856 4094 1070 4189 Veneriisr
1104 4095 1172 4195 qui
1199 4096 1316 4176 etiam
1344 4096 1519 4177 Libellus
1548 4097 1613 4177 liic
1639 4096 1679 4177 in
1708 4092 1768 4172 in·

406 4186 599 4294 srasctipta
624 4194 841 4297 Legenda,
862 4194 914 4312 ‘in
941 4196 1133 4297 aliquibus
1169 4197 1336 4295 ejusdem
1364 4200 1553 4316 Legenda
1588 4196 1768 4301 capitulis

406 4310 641 4374 memorator
661 4355 672 4375 .
696 4296 966 4378 Consimiliter
991 4298 1109 4379 etiam
1137 4319 1250 4380 tantae
1278 4301 1436 4383 seminet
1462 4303 1574 4382 sexus
1600 4302 1766 4403 personae

404 4392 452 4505 ed
479 4394 731 4499 supradisiunr
769 4399 956 4504 Corporis
982 4399 1129 4483 Christi
1158 4400 1477 4503 Monasterium,
1509 4431 1575 4508 per
1603 4401 1766 4507 supradi-

809 4588 816 4645 ἦ
1608 4506 1716 4587 erum
