3800 5342
482 303 539 393 18

416 455 555 537 nardus
579 450 762 546 Delfino,
787 470 891 530 nunc
915 414 1061 533 eaden
1076 452 1178 554 Dei,
1201 459 1241 539 8ι
1266 452 1609 565 Apostolic'aeSedis
1632 459 1761 561 gratia

374 568 379 577 “
415 555 633 639 Patriarcht
644 549 946 649 Alexandrinus,
971 557 1208 656 praedeceffor
1231 561 1381 659 noster,
1401 563 1450 640 ad
1464 561 1571 641 vestri
1584 560 1675 640 fecit
1700 562 1761 641 irt-

416 659 616 753 stantiam,
640 653 823 733 iubenes
848 654 965 732 ctiam
991 659 1156 761 amplius
1181 661 1283 740 idem
1310 665 1583 764 approbantes,
1605 663 1647 741 ἃ
1665 688 1764 743 con·

373 810 376 815 -
416 759 634 853 firmantes,
659 756 815 833 Terrore
838 754 1080 854 praesentiurn
1105 786 1283 862 rogamus
1304 784 1441 843 omnes
1459 785 1666 864 exemptos
1690 788 1765 843 no·
1898 755 1899 833 i

415 859 497 942 dira
523 854 694 941 Dioceiis
717 852 943 935 castellano
970 878 1099 939 curant
1126 862 1339 943 animarum
1364 866 1571 961 habentes,
1595 882 1769 944 necnon*
1898 898 1899 927 ι

415 961 454 1041 ἃ
480 985 613 1043 ornnes
639 957 855 1054 Plebanos,
886 957 1074 1057 ⁴Priores,
1108 961 1186 1043 srve
1212 964 1393 1046 tteetores
1426 964 1595 1064 ejusdem
1625 964 1762 1045 nostrae

291 1126 295 1131 ,
415 1056 589 1143 Diocests
611 1055 838 1138 Castellanae
863 1058 974 1140 nobis
998 1061 1210 1164 subiecios,
1234 1091 1277 1146 ac
1303 1066 1420 1146 etiam
1445 1066 1671 1147 mandamus
1692 1065 1765 1147 eis·

414 1163 540 1258 dem,
562 1179 750 1277 quatenus
775 1180 909 1276 coo-tra
935 1162 1162 1279 supradidios
1188 1165 1364 1248 homines
1389 1156 1721 1268 utriusque'senus
1747 1220 1767 1266 ‚

417 1265 466 1342 de
494 1264 726 1342 Poenttentra
751 1259 1073 1346 BeatrDorntnrci
1098 1288 1362 1371 nuncupatos,
1386 1288 1540 1383 propter
1566 1266 1768 1369 huiusmo-

418 1364 461 1443 di
488 1362 686 1443 indultum
713 1362 904 1443 ullatenus
930 1366 1216 1467 dedignentur,
1252 1370 1314 1451 sed
1338 1390 1467 1486 potrus
1490 1366 1726 1449 aedificentur
1752 1420 1770 1465 ,
1899 1445 1900 1476 Ν

417 1485 534 1568 atque
560 1464 909 1564 congratulentur,
944 1492 1034 1547 curn
1060 1492 1108 1548 ex
1135 1471 1209 1550 hoc
1236 1496 1279 1550 ac
1306 1493 1422 1549 ettam
1449 1492 1497 1548 er
1521 1489 1694 1565 tenore,
1726 1468 1770 1549 8<

418 1570 556 1646 norma
579 1564 736 1681 vivendi
764 1564 928 1665 ipsorum
956 1592 1035 1647 non
1062 1570 1223 1667 minus,
1259 1570 1339 1650 into
1365 1570 1528 1673 ainplius
1561 1571 1770 1651 reddantur

417 1669 474 1748 ad
496 1666 815 1746 Parochranorum
844 1668 1097 1750 reuerentiam
1124 1672 1410 1774 promptiores,
1434 1695 1549 1772 quarn
1576 1671 1619 1750 in
1646 1670 1770 1773 intpe·

420 1768 559 1850 trando
584 1767 781 1847 indultum
809 1767 1061 1868 supradictum
1085 1773 1186 1870 apud
1211 1774 1347 1853 Sedern
1364 1771 1620 1875 apostoticam
1647 1769 1771 1852 osteo·

408 1869 509 1950 dere
533 1869 581 1949 de
603 1865 722 1965 facio,
746 1889 919 1968 petentes
944 1870 1160 1969 hujusmodi
1182 1873 1343 1974 gratiam
1362 1899 1452 1955 curn
1478 1870 1771 1955 conditionibus
1785 1912 1805 1929 »ι
1899 1883 1900 1916 ³

420 1969 633 2083 praetaxatis
656 1968 704 2048 ad
730 1967 978 2071 supradibiant
1004 1975 1257 2054 reverentiam
1283 1998 1372 2077 erga
1397 1999 1491 2071 nos,
1514 1973 1770 2055 &Farnobiu-

419 2101 492 2156 nos
517 2069 718 2150 humiliter
741 2071 1059 2151 conservandam.
1089 2077 1309 2176 inquorum
1337 2075 1595 2155 testimonium
1610 2075 1677 2155 has
1697 2101 1769 2156 no·
1899 2107 1900 2176 ς

420 2172 510 2257 stris
535 2172 733 2272 praesentes
758 2171 888 2253 literas
911 2172 994 2253 fieri
1021 2174 1223 2272 iusfimus,
1258 2178 1295 2255 ἃ
1322 2175 1438 2265 nostri
1465 2174 1698 2256 Pontificalis
1723 2175 1771 2254 fi·
1899 2183 1900 2266 ἕ

420 2275 554 2378 gillia
606 2271 765 2351 ositione
790 2272 954 2351 muniri.
982 2275 1128 2354 Daturrr
1156 2276 1196 2355 in
1224 2275 1349 2357 nostro
1375 2274 1590 2380 Episcopuli
1618 2276 1771 2357 Palatio
1899 2305 1900 2332 ³

420 2374 550 2458 castel
569 2398 661 2450 ano.
689 2375 806 2452 Anno
832 2373 1276 2458 nativitatisDorninicat
1301 2376 1673 2479 quadringentesimo
1690 2377 1768 2481 pri·
1899 2457 1900 2462 t

421 2502 522 2558 rno.
560 2467 774 2555 Indidiione
801 2501 938 2571 nona,
972 2476 1107 2557 menits
1132 2476 1311 2559 Ob'tobris
1337 2480 1399 2571 die
1431 2487 1484 2560 16.
1515 2477 1768 2560 pontificatus

422 2578 568 2660 scilicet
594 2575 634 2653 itt
661 2572 820 2653 Christo
847 2576 1054 2675 Patris,‹&
1081 2581 1198 2658 Dorn.
1220 2580 1336 2658 nostri
1360 2581 1410 2659 D.
1431 2578 1645 2677 Bonifatii,
1668 2577 1772 2659 divi·
1899 2563 1900 2586 Ν

328 2772 332 2776 ,
424 2705 473 2760 na
499 2675 737 2780 providentia
766 2677 873 2777 Papae
899 2677 966 2755 IX.
994 2683 1108 2758 Anno
1133 2680 1382 2761 duodecimo.

336 2842 346 2859 „
475 2783 575 2861 ltern
602 2775 809 2878 reperimus
835 2800 912 2858 tarn
940 2777 981 2856 in
1008 2778 1217 2881 supradicio
1244 2781 1378 2861 libello
1404 2778 1563 2882 antiquo
1582 2803 1698 2880 quarn
1725 2778 1774 2859 in

424 2880 538 2967 certis
562 2876 649 2959 aliis
676 2874 794 2974 locis,
818 2872 983 2977 qualiter
1010 2879 1074 2960 hic
1100 2880 1227 2962 Status
1253 2906 1332 2961 non
1357 2880 1483 2975 solum
1538 2906 1577 2957 er
1603 2879 1771 2981 supradi-
1898 2876 1899 2889 '

421 2982 529 3083 dium
557 2975 788 3080 Magistrum
814 2979 1076 3077 Munionern,
1099 2981 1329 3061 Generalenr
1355 2979 1474 3060 totius
1553 2978 1654 3061 dinis
1679 2980 1773 3060 Prae·

424 3086 665 3185 dicatorum,
687 3079 754 3177 qui
783 3079 880 3173 fuit,
906 3100 948 3161 ut
976 3082 1084 3183 supra
1109 3083 1338 3177 dicebatur,
1363 3081 1556 3182 Septimus
1585 3079 1773 3182 Magister

421 3180 585 3269 Ordinis
609 3178 778 3278 eiusdem
805 3206 820 3273 ς
844 3180 905 3259 sed
929 3181 1046 3261 etiam
1075 3210 1140 3286 per
1165 3184 1290 3285 plures
1314 3183 1523 3263 Generales
1548 3180 1639 3263 diui
1660 3182 1776 3262 Ordi-

425 3285 488 3366 nis
515 3310 558 3365 us
656 3281 703 3358 ad
731 3279 947 3380 presentem
962 3280 1094 3365 habuit
1111 3286 1306 3379 favorem,
1330 3282 1606 3380 ditebiionem,
1630 3281 1778 3362 fonten-

428 3406 539 3480 tunt,
627 3380 923 3462 corrediionern.
949 3385 1062 3465 Unde
1089 3387 1190 3465 idern
1218 3384 1403 3485 Magister
1429 3385 1576 3464 Murrio
1599 3410 1688 3465 curn
1710 3407 1776 3463 ex·

422 3485 626 3590 preffiffet,
652 3503 694 3561 ut
721 3482 863 3567 dictum
892 3480 988 3585 fuit,
1013 3490 1120 3587 supra
1146 3485 1350 3567 formulam
1377 3486 1532 3566 vivendi
1555 3484 1775 3581 Fratribus,

425 3590 467 3668 8<
490 3580 830 3681 Sororibus=hojos
856 3584 1006 3684 Status,
1031 3586 1114 3689 quae
1141 3587 1207 3669 hic
1232 3585 1330 3666 infra
1345 3609 1437 3668 tota
1464 3586 1504 3666 in
1532 3582 1773 3682 substantia,

423 3693 467 3773 8<
493 3685 710 3795 explicite,
737 3687 828 3795 Deo
860 3688 973 3775 dante
1000 3711 1195 3792 ponetur,
1231 3689 1347 3767 etiam
1373 3687 1515 3791 scripsit
1542 3689 1670 3771 literas
1695 3684 1774 3787 spe·
1897 3732 1899 3783 r

424 3790 541 3877 ciales
567 3786 643 3869 illis
668 3786 830 3878 deUrbe
857 3790 1002 3887 veteri,
1027 3788 1189 3891 gratiose
1213 3790 1459 3885 concedendo
1485 3788 1639 3871 eisdem.
1655 3791 1773 3868 bene·
1898 3816 1899 3899 ;

424 3898 514 3980 ficia
539 3891 719 3991 Ordinis,
772 3916 907 3976 wurttutn
936 3890 1132 3973 literatum
1159 3912 1270 3970 tenor
1291 3892 1384 3974 talis
1409 3890 1485 3987 est,
1512 3889 1716 3977 videlicet:
1898 3910 1899 3975 j

477 4007 524 4079 In
548 3995 630 4097 Jesu
654 3925 811 4081 Chr-iio
836 3994 1008 4088 devotis,
1027 3992 1202 4095 providis
1226 3989 1458 4081 &honestis
1478 3990 1775 4086 Confrattibus,
1898 4026 1899 4067 ς

426 4095 745 4183 &Confratriffis
766 4103 813 4197 ¹in
842 4098 1027 4178 honorem
1055 4093 1096 4172 B.
1125 4092 1333 4194 Virginis,
1368 4093 1405 4172 ἃ
1432 4093 1473 4173 Β.
1502 4092 1701 4171 Dominici
1730 4091 1777 4171 in
1898 4148 1899 4191 ,

425 4202 535 4285 Urbe
560 4200 692 4282 Veteri
718 4196 958 4302 congregatis
986 4196 1045 4272 Fr.
1068 4194 1212 4272 Munio
1241 4194 1415 4273 Fratrum
1453 4194 1610 4274 Ordinis
1640 4192 1779 4272 Prodi·
1898 4218 1899 4231 ¹

427 4326 599 4387 catorum
624 4306 764 4388 Servus
788 4297 939 4385 inutilis
964 4296 1124 4377 saturem
1148 4314 1240 4377 curn
1265 4306 1475 4397 'augmento
1499 4293 1779 4477 conltipuocoe-
1898 4344 1899 4383 ;

1583 4418 1719 4475 erunt
1898 4414 1899 4443 ³
