3800 5342
333 359 690 470 ,Srucrt
753 365 1216 457 Donrntcrs
1324 353 1405 484 3o5

129 516 280 604 Maior
307 518 565 615 testamento,
588 517 690 622 quod
718 516 835 598 biduo
860 536 1061 619 antequam
1087 544 1108 599 e
1134 519 1215 600 vita
1240 520 1472 618 decederet,

133 641 236 709 annu
261 615 405 701 scilicet
434 620 619 702 Mcccxn.
647 616 829 721 postrema
855 617 917 697 die
942 618 1079 702 mensis
1090 620 1209 797 1Junii
1235 622 1408 725 scripsit,
1433 624 1473 702 8(
1607 633 1614 646 “

131 723 176 800 in
227 719 369 801 ublicas
396 720 541 800 tabulas
566 719 698 800 tetulit
726 721 857 798 Petrus
882 718 1064 799 Baccarus
1121 719 1363 822 rimicerius,
1399 726 1473 806 Ca·

131 817 202 908 liel
269 848 312 902 us
337 822 546 917 Notarius,
568 820 607 900 8(
633 816 792 899 Ducalis
817 817 927 900 Aulae
953 818 1239 902 Cancellarius.
1266 822 1359 905 Hac
1383 825 1472 908 sunt

131 921 245 1025 ipsrus
272 921 484 1001 testamenti
511 921 647 1000 verba.

185 1078 216 1120 ,‚
242 1025 340 1102 Item
379 1022 556 1124 volumus
581 1022 619 1100 8(
643 1019 893 1116 ordinamus,
928 1019 1033 1121 quod
1058 1021 1103 1101 de
1129 1022 1308 1104 omnibus
1342 1024 1476 1110 nostris

132 1117 302 1226 ,bonis
328 1121 513 1208 tollantur
538 1119 840 1204 libraduomille
866 1121 1170 1223 noningenta,
1196 1126 1259 1204 vel
1286 1148 1403 1228 usque
1429 1127 1477 1208 ad

133 1278 164 1323 ‚,
190 1221 370 1303 triamille
396 1223 438 1303 in
464 1222 627 1303 emendo
653 1243 816 1321 terrant,
841 1223 878 1303 8(
904 1220 946 1302 in
958 1222 1176 1303 aedificando
1202 1250 1322 1304 unum
1349 1228 1479 1307 locunt

135 1378 169 1422 „
191 1350 280 1406 cum
307 1324 497 1430 Ecclefia,
521 1323 560 1405 dt
585 1323 670 1405 aliis
695 1322 861 1406 officinis
887 1322 944 1403 ibi
963 1322 1197 1423 conjundiis,
1222 1325 1315 1406 srcut
1339 1326 1481 1407 videbi·

133 1479 165 1524 „
191 1448 252 1504 tur
277 1426 409 1505 nollrae
434 1425 692 1507 commissoriae
717 1424 760 1505 in
787 1421 961 1505 Veneriis
988 1445 1173 1523 rantum,
1209 1425 1246 1506 8(
1272 1426 1481 1528 specialiter

135 1580 166 1625 „
192 1526 233 1603 in
259 1524 433 1607 Civitate
453 1525 651 1622 Rivoalti,
677 1525 703 1604 st
729 1525 784 1607 ibi
811 1523 1013 1607 commode
1040 1524 1121 1605 lieri
1148 1528 1312 1629 poterit,
1338 1527 1380 1606 in
1406 1553 1480 1629 qua

133 1680 166 1724 „
190 1623 357 1706 Ecclesia
381 1629 421 1707 8(
444 1627 532 1710 loco
559 1627 760 1723 volumus,
786 1625 824 1705 8(
850 1624 1094 1721 ordinamus,
1148 1627 1223 1704 uod
1248 1626 1319 1707 srnt
1329 1628 1480 1713 Fratres

133 1779 164 1824 „
188 1725 414 1824 duodecim,
439 1728 506 1828 qui
533 1726 603 1807 srnt
629 1728 708 1829 apti
734 1726 780 1806 ad
805 1727 1102 1823 celebrandum,
1191 1728 1352 1808 debeant
1379 1726 1479 1809 cele·

134 1880 165 1927 „
191 1828 296 1907 brare
322 1847 392 1928 pro
415 1827 543 1908 anima
569 1827 693 1907 nostra
720 1851 783 1927 per
811 1846 901 1906 eruo
927 1826 1057 1906 divina
1083 1822 1242 1923 officia,
1268 1851 1315 1907 ex
1341 1829 1481 1931 quibus

133 1981 165 2025 „
189 1954 267 2007 non
292 1927 427 2027 potunt
453 1927 523 2008 esse
550 1928 649 2008 ultra
674 1928 751 2007 duo
801 1925 970 2024 onverfi,
995 1927 1063 2027 qui
1089 1927 1144 2005 ibi
1171 1953 1414 2030 permanere,
1439 1927 1495 2007 dc'

133 2080 164 2126 „
190 2026 361 2110 habitate
386 2027 547 2110 debeant
573 2028 891 2130 inperpetuum,
916 2027 960 2106 in
984 2026 1122 2129 quibus
1147 2026 1320 2124 officiis,
1343 2028 1380 2107 8(
1407 2030 1483 2130 spe·

132 2128 334 2228 „cialiter
369 2130 409 2207 in
435 2127 550 2209 miffis
583 2129 755 2230 quotidie
781 2127 1098 2208 commemoratio
1132 2128 1198 2208 fiat
1225 2125 1392 2208 nominis
1419 2155 1485 2209 no·

134 2283 166 2326 „
188 2228 272 2308 stri.
297 2229 349 2310 Et
375 2229 478 2331 quod
502 2229 648 2333 semper
672 2229 866 2310 celebrent
891 2227 1127 2309 anniversale
1143 2229 1336 2325 nostrum,
1363 2229 1485 2310 Patris

136 2383 166 2428 „
193 2326 347 2428 Nostri,
371 2330 473 2431 quod
500 2330 613 2413 debet
638 2328 821 2413 celebrari
848 2329 909 2410 die
937 2329 1141 2412 undecimo
1167 2352 1329 2411 exeunte
1354 2330 1484 2431 Iulio,

137 2484 166 2528 n
189 2430 227 2520 8(
254 2429 393 2510 Manis
419 2427 566 2512 Nostra
591 2431 774 2512 Domina
787 2431 946 2527 Maria,
972 2432 1074 2547 quod
1100 2433 1213 2511 deber
1239 2431 1422 2512 celebrari
1442 2432 1485 2511 in

136 2585 167 2631 „
191 2528 252 2610 die
275 2527 405 2619 senili
428 2530 726 2632 Benlaunoi,
750 2533 788 2613 8(
814 2533 1067 2713 suprascrrlpta
1093 2532 1223 2612 uxoris
1250 2529 1379 2618 nostrat
1406 2531 1484 2628 (A-

1015 2658 1095 2732 rae,
1121 2632 1223 2735 quod
1249 2634 1362 2713 debet
1388 2634 1484 2713 cele·

134 2685 165 2732 „
217 2633 348 2731 netis,
372 2632 387 2731 l
412 2653 527 2736 atque
553 2635 728 2715 Hellenae
754 2660 789 2734 q.
815 2633 904 2713 filiae
930 2658 982 2713 no

135 2786 166 2832 ‚,
189 2655 293 2818 irari
317 2733 380 2810 die
405 2733 556 2814 decimo
582 2732 750 2812 intrante
778 2732 943 2827 Madii,
979 2732 1048 2811 ubi
1074 2752 1167 2813 tunc
1193 2732 1336 2815 scilicet
1363 2733 1404 2814 in
1431 2733 1485 2813 di·

141 2884 170 2933 „
196 2829 255 2908 ἃ(
280 2830 447 2910 Ecclesia
472 2819 701 2928 uinitori,
728 2832 790 2911 vel
817 2831 859 2910 in
884 2830 1051 2911 Ecclesra
1078 2832 1300 2911 Sandorum
1326 2836 1485 2932 Joannis

137 2986 168 3034 „
192 2930 230 3008 8(
250 2930 382 3027 Pauli,
408 2932 563 3012 Ordinis
590 2933 766 3012 Fratrum
793 2931 1085 3011 Praedicatorum
1112 2931 1215 3028 juxta
1243 2933 1359 3011 altare
1385 2933 1488 3011 Cru-

136 3085 168 3133 ‚,
191 3030 246 3111 cis
272 3030 313 3111 in
338 3056 452 3112 muro
474 3031 649 3114 Ecclesia
676 3033 803 3115 versus
828 3031 1049 3112 claustrum
1076 3031 1294 3111 ordinamus
1320 3057 1423 3129 nos,
1449 3032 1489 3113 8<

138 3155 352 3234 „uxorem
379 3133 542 3213 nostram
570 3134 780 3215 honorifice
806 3132 950 3233 jacere,
976 3153 1020 3215 ut
1046 3132 1161 3212 nostri
1187 3130 1356 3212 nominis
1382 3156 1489 3212 corn·

141 3289 172 3334 „
196 3234 513 3315 memorationem
549 3236 590 3314 in
628 3233 786 3316 Divinis
822 3233 973 3316 Officiis
1005 3233 1223 3336 postponere
1258 3258 1338 3314 non
1375 3232 1525 3334 dedug

97 3345 99 3349 ’
139 3390 169 3434 „
193 3348 300 3415 ea'nt.
322 3335 404 3436 Qui
418 3338 564 3417 Fratres
575 3336 892 3439 volumus,quod
904 3335 974 3414 fint
986 3337 1033 3414 de
1045 3333 1191 3416 Ordine
1201 3334 1377 3414 Fratrum
1391 3334 1487 3412 Prae·

138 3490 170 3535 „
191 3434 428 3517 dicatorum.
447 3437 546 3515 *Etsr
557 3435 722 3539 predicti
736 3439 884 3518 Fratres
903 3435 1169 3516 Praedicatores
1195 3434 1337 3514 didoni
1351 3434 1485 3514 locunt

142 3589 171 3636 „
195 3536 447 3617 &Ecclesiam
475 3564 554 3616 non
580 3539 859 3640 acceptaverint
885 3535 1114 3615 instaununs
1137 3560 1277 3614 annum
1291 3532 1490 3636 postquam

142 3688 171 3735 „
194 3659 259 3813 fer
287 3639 427 3718 nostros
453 3639 739 3719 Commislarios
765 3638 820 3718 eis
846 3635 1114 3717 denuntiatum
1137 3632 1284 3730 suerit,
1311 3656 1401 3713 tunc
1423 3661 1490 3714 vo·

140 3790 170 3837 ,
213 3760 358 3832 umus,
383 3741 484 3838 quod
511 3737 624 3817 simili
651 3740 766 3818 modo
792 3738 1044 3818 denuncietur
1069 3739 1106 3816 8(
1133 3737 1376 3840 praesentetur
1403 3735 1488 3813 Fra·

139 3889 170 3936 „
197 3835 318 3914 tribus
344 3839 500 3918 Ordinis
527 3839 755 3935 Minotunr,
780 3839 846 3941 qui
873 3839 944 3917 srnt
970 3838 1012 3915 in
1038 3863 1082 3918 ca
1107 3835 1344 3939 quantitate,
1370 3834 1489 3935 quali·

142 3990 171 4036 „
197 3956 299 4029 tote,
323 3940 464 4038 modo,
489 3940 525 4018 8(
552 3942 709 4035 ordine,
735 3941 772 4019 8(
798 3938 1043 4036 conditione,
1070 3960 1112 4017 ut
1139 3939 1245 4039 supra
1273 3934 1416 4014 dicium
1434 3932 1489 4012 est

147 4089 176 4136 „
200 4037 245 4116 de
258 4036 452 4118 Fratribus
466 4041 797 4138 predicatoribus,
823 4040 1045 4142 quietiam,
1066 4036 1492 4149 liinsraunumannum

144 4190 174 4237 „
200 4135 393 4238 postquam
424 4166 490 4240 per
513 4142 655 4222 nostros
676 4140 963 4222 Commissarius
986 4139 1040 4219 eis
1061 4137 1330 4220 denunciatum
1354 4133 1494 4231 suerrt,

145 4290 175 4335 „
203 4262 279 4351 non
290 4242 595 4341 acceptaverint,
622 4263 712 4324 tunc
726 4243 930 4337 volumus,
956 4239 1058 4342 quod
1074 4238 1166 4318 s1tin
1177 4236 1356 4340 potestate
1369 4236 1489 4313 Com·

147 4391 175 4438 „
201 4338 452 4423 miliariorum
489 4342 699 4425 nostrorum
726 4345 822 4428 alios
848 4341 1062 4446 Religiosos
1087 4358 1316 4442 exemptos,
1349 4334 1413 4415 vel
1439 4333 1487 4414 de

196 4527 198 4536 ,
246 4447 353 4531 Tam.
379 4448 458 4524 VH.
709 4465 715 4478 ·
983 4445 1060 4544 Qq
1145 4495 1150 4506 ,
1308 4489 1336 4536 „
1361 4432 1440 4517 istis
