3800 5342
1275 355 1368 508 '133

111 551 170 633 nisi
192 548 291 630 illud
316 574 382 652 per
409 569 447 629 te
469 548 691 650 impleatur.
718 547 770 627 Et
796 571 949 643 caveas,
975 550 1293 632 necommunices
1320 550 1361 629 in
1380 570 1433 629 ta·

108 652 134 734 li
160 674 330 754 peccato.
357 653 408 731 Et
435 650 606 730 similiter
630 650 718 729 dico
743 648 789 727 de
815 649 946 748 quavis
974 651 1160 747 persona,
1186 677 1267 753 qua
1296 672 1358 746 te,
1384 676 1432 733 ne

107 754 195 834 illud
220 755 421 854 impleres,
446 753 603 832 scienter
628 749 916 852 quomodolibet
944 747 1166 847 impediret:
1193 754 1434 852 quemadmo-

104 856 202 1034 giam·
217 852 508 950 ualentiores,
534 851 650 931 ita&
675 851 729 930 eis
754 850 1066 948 consentientes,
1103 850 1181 950 pari
1209 876 1321 953 poena
1347 853 1433 932 sunt

168 982 227 1035 nt.
390 982 394 993 ⁴

116 982 350 1157 'gQuantum
377 1056 424 1137 ad
451 1054 662 1147 Tertium,
699 1054 766 1133 nbi
793 1051 889 1155 petis
912 1054 958 1133 de
985 1053 1287 1134 commutatione
1316 1053 1436 1149 voti,

108 1157 207 1254 dicu,
230 1158 358 1259 qnod,
384 1154 463 1259 poss
490 1181 578 1236 uam
604 1155 773 1235 transivit
799 1176 949 1256 tempus
975 1154 1159 1235 libertatis
1183 1178 1368 1251 quantum
1390 1157 1435 1233 ad

110 1259 392 1375 assumptionem
427 1258 465 1337 di
506 1257 517 1337 i
544 1259 731 1352 habitus,
767 1255 858 1339 idest
886 1281 1161 1352 numanum,
1199 1256 1295 1335 insta
1321 1280 1435 1355 quern

110 1360 273 1457 vovisse,
305 1361 345 1439 8<
370 1382 418 1437 ex
445 1382 536 1439 tunc
562 1385 640 1439 non
667 1356 829 1457 implesti
860 1383 872 1450 3
898 1357 936 1435 8<
964 1359 1037 1437 hoc
1063 1358 1151 1458 quia
1177 1357 1295 1457 magis
1322 1354 1437 1436 credi-

107 1460 181 1538 disli
208 1487 287 1539 uno
316 1460 488 1556 homini,
513 1485 626 1561 quam
639 1461 751 1554 Deo,
775 1458 823 1538 de
840 1479 888 1539 ,te
915 1458 967 1541 est
992 1459 1216 1537 sumendum
1229 1457 1438 1556 judicium,

107 1560 198 1640 adst
219 1560 396 1663 pottalles
424 1561 599 1641 habitum
619 1616 637 1657 ,
656 1561 739 1655 'iam
763 1559 855 1639 anni
881 1558 968 1641 suut
994 1560 1104 1655 duo,
1131 1580 1241 1661 prout
1267 1559 1436 1659 obligata
1520 1612 1572 1657 R

107 1658 225 1757 suisne
246 1682 328 1742 nou
354 1663 465 1743 debet
488 1662 568 1741 tibi
592 1661 782 1759 suffragati
809 1659 973 1740 areuna
986 1681 1099 1758 tuus,
1125 1686 1194 1740 net
1205 1660 1313 1741 alteri
1328 1684 1437 1739 noce·

105 1786 160 1842 te.
186 1761 399 1865 Ol(nrrnc)
418 1763 507 1866 quia
517 1765 694 1843 Summus
706 1761 879 1843 Pontifex
906 1764 1086 1858 mandat,
1112 1764 1213 1864 quod
1239 1762 1344 1842 nulla
1356 1786 1436 1862 pet·

104 1862 189 1945 sona
214 1866 350 1946 debeat
375 1868 422 1945 de
439 1864 658 1961 ·isloStatu,·
684 1862 721 1943 ἃ
748 1864 881 1943 habitu
907 1864 953 1942 ad
980 1863 1099 1945 alium
1128 1863 1306 1960 transite,
1331 1882 1437 1942 exce·

104 1965 173 2067 ptis
196 1965 488 2067 Religionibus,
512 1991 596 2068 qua
622 1985 767 2044 vovent
792 1964 901 2047 limul
930 1963 1008 2053 tria¹
1023 1965 1279 2062 solenrniter‚
1306 1961 1436 2043 videli-

103 2086 195 2164 cet,
220 2067 512 2164 obedientiam,
544 2065 786 2162 castitatem,
812 2065 859 2145 u.
876 2087 1130 2166 paupertatem
1159 2092 1172 2159 ς
1199 2062 1438 2143 manifestum

96 2167 178 2280 aab,
201 2168 403 2269 quodnou
441 2190 548 2271 potes
569 2166 814 2247 tranfireaad
834 2166 946 2249 illum
962 2194 983 2260 13
1019 2166 1065 2244 de
1091 2188 1167 2266 quo
1193 2164 1309 2246 secisli
1337 2162 1437 2243 mihi

95 2290 142 2345 an
163 2268 364 2349 tuatliteta
384 2270 659 2361 lmentionem.
686 2268 782 2348 Aliae
808 2269 896 2347 sunt
923 2266 993 2346 viae
1019 2268 1064 2346 ad
1094 2267 1325 2366 probandum
1354 2264 1435 2345 hac

99 2368 469 2470 omniatst'uptu'didia
495 2386 516 2450 t.
541 2372 610 2450 sed.
630 2390 767 2448 ttamen
804 2369 909 2449 islam
942 2367 1110 2469 assumpsi
1138 2367 1325 2447 rationem
1360 2389 1436 2445 ma

96 2467 184 2568 jutis
209 2467 594 2568 bennarb‚.·zu2nr
625 2471 743 2550 vitem
772 2468 1072 2571 comparationes
1111 2468 1211 2548 iuter
1238 2469 1390 2569 nigrum
1417 2520 1431 2562 ‚

97 2570 131 2648 dt
155 2572 311 2667 album,
335 2573 373 2651 8<
398 2574 585 2674 griseum,
610 2573 675 2651 seu
703 2572 987 2665 permarinum,
1013 2594 1060 2649 ex
1086 2594 1133 2648 eo
1159 2569 1260 2671 quod
1286 2592 1433 2668 compa

96 2672 259 2753 rationes
285 2675 371 2751 sunt
397 2674 654 2754 communiter
680 2672 836 2752 odiosae·
863 2674 913 2752 Et
940 2670 989 2752 stc
1015 2673 1061 2751 de
1089 2671 1203 2751 tertio
1224 2669 1433 2767 &ultimp.

95 2769 142 2851 Et
160 2772 218 2852 istc
243 2774 399 2851 detota
426 2772 684 2873 responsione3
710 2796 757 2850 ex
783 2784 856 2871 qua
884 2791 1012 2869 patet,
1037 2797 1112 2868 quo
1139 2773 1183 2850 ad
1197 2774 1346 2870 aliqua,
1372 2773 1434 2849 dee

95 2871 253 2951 clatut'to
278 2872 453 2973 aliqualis
472 2926 485 2966 ‚
503 2872 712 2972 ‚pertinens
748 2872 795 2948 ad
821 2872 970 2948 bullam
1009 2870 1222 2968 supradislae
1253 2871 1433 2968 plenarie

94 2972 397 3153 ἕηῧτῳᾳίρηὶς
422 2970 580 3055 Ordinis
605 2971 815 3068 Fratrum,
850 2970 888 3051 &
913 2970 1093 3051 Sororum
1132 2970 1177 3053 de
1205 2969 1434 3050 Paenitentia

138 3122 144 3135 ·
201 3096 385 3152 ominata.
535 3100 558 3145 a
641 3124 644 3133 .
915 3142 920 3153 ,
1010 3108 1013 3113 <
1167 3146 1171 3159 ,
1474 3138 1476 3143 ,

142 3177 247 3252 ltetn
271 3175 567 3276 consequenter,
595 3173 685 3276 quia
712 3174 752 3253 in
780 3172 919 3255 ultima
938 3171 1150 3275 lupradibla
1176 3172 1286 3251 litera
1300 3174 1438 3261 Procu-

98 3272 228 3356 tatoris
256 3274 298 3353 sit
325 3276 426 3356 inter
451 3277 525 3355 alia
552 3276 725 3377 aliqualis
752 3276 899 3355 mentio
924 3276 971 3357 de
983 3273 1257 3374 Indulgentiis,
1284 3272 1359 3373 poll
1381 3273 1434 3351 su·

99 3376 298 3474 pradibiam
328 3376 495 3456 habitam
524 3374 674 3459 Bullaru
706 3402 771 3476 per
807 3377 976 3457 medium
1003 3375 1221 3456 Cardinasis
1248 3374 1434 3454 Mediola-

98 3476 304 3574 ntnsrs‚·&
327 3477 687 3579 Legatiadpartes·
706 3476 789 3557 issar
815 3479 861 3555 de
887 3480 1044 3572 Latere,
1073 3477 1318 3578 impetrandis
1345 3503 1357 3570 3
1384 3474 1436 3552 id·

98 3576 453 3689 estpotsc'teudutn,
471 3579 642 3680 qualiter
668 3577 791 3657 didius
817 3579 1010 3658 Dominus
1037 3576 1330 3677 Legatos«.venit
1361 3576 1435 3654 buc

97 3677 272 3788 yenatiis
296 3680 417 3758 forsan
445 3680 567 3760 tribus
584 3679 725 3758 diebus
749 3700 839 3758 ante
865 3679 1119 3758 Nativitatem
1148 3676 1313 3757 Domini
1339 3733 1348 3753 .
1383 3678 1434 3767 Et

96 3780 300 3879 invisilia·
318 3779 424 3860 dislae
452 3780 678 3859 Natiuitatis
705 3780 867 3861 Domini
895 3780 1015 3881 ipsum
1050 3803 1097 3858 ex
1124 3800 1230 3881 patte-
1253 3778 1438 3875 Convem

97 3876 699 3977 tutlltadioatsneumuisrtantes,
725 3907 798 3982 ego
824 3880 897 3961 leci
924 3880 992 3961 sabi
1018 3879 1334 3973 collationemip
1350 3904 1434 3977 ptat-

97 3974 210 4060 lontia
237 3984 351 4061 etiam
380 3984 748 4084 quamplurimorum
763 3983 1027 4063 Prolatorum.
1055 3983 1105 4063 Et
1134 3980 1262 4058 habita
1289 3978 1439 4076 respon*

97 4081 192 4162 stoue
218 4085 437 4163 collationis
457 4085 619 4186 abipso,
645 4109 733 4163 cum
748 4084 1020 4180 valefacerent,
1046 4079 1245 4183 impetravi
1273 4077 1436 4177 abipso,

96 4185 193 4286 quod
218 4185 371 4265 deberet
397 4188 472 4269 Sua
497 4185 809 4277 Dominatioisli
834 4183 974 4263 Ordini
1001 4184 1046 4262 de
1061 4178 1342 4262 Poenitentiass.
1357 4179 1434 4256 Do·

96 4285 227 4387 miniei
254 4282 302 4366 ali
333 4314 397 4367 uas
424 4285 684 4388 Indulgentiae
720 4287 905 4391 elargiti,
942 4285 1260 4395 quemadmodpm
1300 4278 1435 4357 annuit

99 4386 237 4487 gratius
262 4446 271 4466 .
302 4313 413 4471 dade
440 4414 528 4471 cum
557 4386 679 4491 postea
706 4388 746 4468 in
774 4384 948 4467 Venetiis
975 4387 1050 4488 ipse
1077 4408 1143 4486 per
1170 4381 1264 4463 duos
1290 4380 1435 4559 mqtses

1308 4507 1345 4562 rt
1363 4508 1389 4559 1-
