3800 5342
378 336 770 450 SS.Josuu1s
810 356 886 415 ur
928 338 1156 425 Pnurr.
1292 372 1373 457 241
1476 317 1478 322 .

98 544 127 591 ‚,
151 492 245 608 mIni
272 490 377 591 Papae
405 489 513 604 Alex.
542 486 704 565 habente
730 504 777 563 ex
804 507 878 560 una
905 506 1010 584 parte
1030 489 1433 596 saciesApossolorum

98 647 126 690 „
150 597 249 676 Petu
276 593 313 669 8(
340 591 487 685 Pauli,
523 588 559 667 8(
586 611 633 666 ex
658 587 775 664 altera
802 584 911 662 Alex.
940 588 1005 686 Pp.
1034 592 1102 667 IV.
1129 596 1437 701 continebatur,

85 697 124 789 '„
147 695 247 774 nihil
274 692 436 785 addent,
462 692 524 768 vel
550 688 751 783 minuens,
776 685 877 786 quod
904 710 1027 768 mutet
1054 692 1236 791 sensum,
1271 702 1334 779 vel
1361 703 1437 782 sen.

98 846 122 889 n
148 794 330 887 tentiam3
356 790 425 871 rtifi
450 791 546 870 sorte
573 787 754 892 pundium
781 841 794 883 ,
819 787 883 865 vel
908 788 1113 890 syllabam.
1141 802 1232 874 Nou
1259 800 1436 883 obstanti·

96 947 121 990 „
146 899 216 977 bus
242 897 386 975 duabus
411 891 565 987 rasuris,
590 917 672 995 qua
698 888 851 988 suntin
878 886 971 988 eis,
1008 920 1167 994 quarum
1195 897 1315 997 prima
1342 901 1438 984 inci·
1549 875 1553 883 ⁵

96 998 200 1098 „pit
228 995 460 1075 ubidicitur:
489 994 599 1094 ipsrus
611 991 738 1087 Sedis,
766 989 1015 1089 terminatur,
1043 996 1281 1078 ubidicitur:
1309 1002 1350 1082 in
1369 1028 1436 1104 po.

93 1146 119 1191 rr
143 1099 302 1178 sterum.
329 1097 462 1174 Altera
490 1120 580 1174 vero
591 1093 657 1173 ubi
679 1091 839 1170 dicitur:
867 1092 1094 1176 Inhibemus
1116 1122 1164 1176 ne
1174 1099 1283 1199 quis,
1305 1104 1434 1183 termi-

87 1230 119 1291 ἠ
142 1224 275 1295 natur,
305 1195 558 1277 ubidicitur:
586 1195 649 1274 vel
675 1191 731 1271 sui
759 1192 912 1294 prioris.
941 1198 1048 1297 Quas
1081 1199 1335 1282 nihilominus
1361 1204 1436 1303 jam

94 1345 118 1391 ‚s
141 1303 332 1405 profanus
361 1306 497 1380 Vener.
527 1298 636 1377 Pater
673 1296 868 1376 Dominus
895 1354 991 1376 .....
1019 1299 1173 1381 Elebius
1209 1301 1266 1380 sui
1293 1305 1438 1409 proprii

92 1445 118 1493 n
141 1407 256 1507 sigilli
283 1403 498 1485 munimine
524 1397 740 1479 roboravit.

139 1516 226 1597 Post
252 1507 542 1622 Vacumdeoum
567 1502 662 1615 alter
690 1497 814 1614 prodit
840 1524 1056 1602 anonymus
1087 1502 1196 1582 Prior
1220 1528 1268 1581 ex
1293 1504 1438 1607 Episto-

91 1626 133 1707 lis
171 1613 331 1699 celebris
358 1603 621 1719 Hagrograpbr
654 1602 785 1716 Jacobs
823 1601 1129 1707 devoragine,
1165 1626 1256 1684 tunc
1295 1604 1436 1687 Prioris
1473 1608 1475 1610 ’

91 1715 339 1805 Provincialis
365 1706 624 1801 Lombardra,
650 1703 697 1781 ad
724 1703 893 1782 Priorem
920 1704 1114 1787 Venetum
1141 1705 1371 1808 SS.Joannis
1396 1708 1437 1788 8(

92 1822 195 1906 Pauli
224 1816 344 1911 datis,
369 1812 585 1925 quaesunt:
875 1874 882 1888 ,

133 1928 159 1972 “
184 1926 282 2002 Rev.
309 1917 351 1995 in
376 1909 533 1993 Christo
558 1904 680 1988 Fratri
709 1906 830 1988 Priori
857 1904 1035 1990 Fratrum
1062 1904 1356 1994 Praedicatorum
1383 1909 1431 1992 de

88 2084 112 2130 „
137 2020 335 2114 Veneriis,
361 2017 491 2131 Frater
516 2012 678 2127 Jacobus
705 2010 880 2124 Fratrum
907 2012 1074 2106 ejusdem
1096 2012 1253 2092 Ordinis
1280 2015 1321 2092 in
1350 2014 1437 2093 Pro·

84 2188 110 2233 ‚‚
133 2124 261 2209 vincia
280 2117 541 2208 Lomundo,
567 2109 689 2190 dissue
709 2110 815 2189 Prior
841 2110 1010 2192 Salutem
1038 2133 1238 2192 aeternam.
1267 2113 1432 2205 Noveri-

85 2288 110 2333 ‚,
133 2231 222 2327 tis,
258 2250 321 2305 me
357 2246 379 2298 a
405 2215 640 2297 Sanuiffimo
667 2212 764 2312 Papa
791 2209 899 2314 super
933 2210 1199 2315 praedicatione
1225 2213 1364 2293 Crucis
1391 2213 1435 2294 iu

87 2389 111 2434 „
135 2329 339 2423 subfidium
368 2317 678 2412 TerraeSanbiae,
703 2314 878 2414 recepisse
903 2313 1032 2394 literas
1060 2314 1100 2393 in
1127 2314 1227 2394 hanc
1248 2313 1432 2393 sormam.

84 2430 340 2536 „Gregorius
376 2422 582 2524 Episcopus
608 2421 746 2497 Servus
783 2418 988 2496 Servorum
1017 2416 1130 2495 Dei.
1168 2413 1323 2496 Dilesio
1351 2415 1433 2495 filio

84 2591 109 2636 ‚‚
134 2533 256 2615 Priori
284 2523 517 2608 Provinciali
542 2516 779 2601 Lombardiae
806 2517 963 2599 Ordinis
987 2517 1303 2615 Praedicatorum,
1328 2515 1434 2596 Salu·
1495 2526 1499 2535 ‘

84 2693 110 2736 „
136 2657 239 2730 tem,
265 2632 302 2713 8(
325 2625 579 2729 Apostolicam
608 2616 935 2702 benediblionem.
961 2619 1003 2699 Si
1022 2639 1171 2702 mentes
1197 2616 1370 2700 fidelium
1391 2637 1435 2695 ur

87 2793 112 2837 „
137 2735 178 2815 in
215 2725 356 2812 Bullar.
392 2737 500 2804 Tam.
538 2734 567 2801 Ι.
601 2745 686 2819 pag.
718 2744 802 2821 525.
839 2723 986 2801 Datum
1022 2723 1158 2821 eodem
1195 2721 1256 2800 die
1293 2719 1331 2798 8(
1367 2744 1431 2798 an·

83 2894 107 2939 „
132 2854 209 2933 no,
234 2831 386 2943 quibus.
399 2829 507 2927 supra
533 2821 669 2939 deinde
696 2817 918 2900 immediate
955 2820 1122 2919 sequitur
1145 2852 1154 2898 :
1194 2820 1338 2899 Volens
1364 2817 1450 2919 igi..

84 2996 108 3040 „
130 2960 194 3019 tur
221 2931 408 3013 mandans
435 2930 584 3007 Summi
613 2921 809 3003 Pontificis
835 2919 1015 3016 obedire,
1043 2917 1152 2999 vobis
1178 2919 1363 3017 injungo,
1390 2935 1435 2995 ut

84 3041 240 3141 „juxta
267 3055 439 3115 tenorem
467 3027 630 3128 ipsarum
658 3024 855 3104 literarum
883 3047 948 3123 per
976 3044 1044 3100 vos
1068 3075 1081 3117 ‚
1103 3021 1167 3098 vel
1193 3020 1341 3097 Fratres
1368 3041 1432 3095 ve-

84 3196 108 3240 „
133 3139 248 3237 siros,
275 3155 386 3238 prout
414 3132 455 3211 in
482 3129 566 3208 aliis
593 3125 715 3206 literis
741 3124 864 3204 scribo
891 3122 1025 3218 vobis,
1052 3121 1169 3221 ipsam
1181 3121 1351 3211 Crucem
1377 3116 1435 3194 so·

83 3297 108 3341 „
132 3243 237 3323 licite
265 3233 457 3340 praedicari
484 3227 660 3310 faciatis.
699 3229 744 3306 ln
771 3223 959 3325 cujus‘rei
987 3221 1249 3301 testimonium
1277 3217 1431 3318 prasen-

84 3398 108 3442 „
131 3364 187 3424 tes
213 3342 341 3422 literas
368 3332 484 3416 nostri
512 3331 584 3412 seci
612 3327 724 3429 figuli
738 3323 955 3407 munimine
982 3322 1175 3404 roborari.
1203 3322 1351 3401 Datum
1361 3318 1432 3400 Bo·

82 3499 106 3544 „
131 3443 255 3525 ironiae
277 3447 394 3521 Anno
420 3432 585 3516 Domini
614 3431 833 3509 Mccrxxv.
860 3427 946 3504 Kal.
974 3426 1090 3525 Julii.

128 3547 245 3628 Circa
272 3570 317 3623 ea
342 3562 547 3640 tempora,
574 3555 616 3613 ut
643 3532 723 3631 jura
751 3526 975 3609 Monasterii
1003 3526 1066 3606 SS.
1092 3524 1249 3626 Joannis
1275 3523 1312 3603 8(
1340 3523 1433 3601 Pau-

84 3649 112 3729 li
135 3649 242 3751 super
278 3668 385 3724 terra
412 3638 575 3743 spatium
599 3632 742 3714 Ducali
768 3629 1006 3712 concesfione
1033 3625 1101 3707 srbi
1130 3627 1311 3706 traditum
1341 3623 1432 3703 illae·

84 3752 117 3830 sa
150 3753 387 3830 servarentur
423 3798 436 3840 ,
472 3738 623 3841 Judices
659 3736 696 3813 8(
734 3731 949 3812 Provisores
986 3731 1093 3829 super
1129 3727 1268 3808 Officia
1306 3724 1432 3805 Cana-

84 3852 198 3950 lium,
224 3848 445 3932 &rivorum
473 3837 747 3945 (Magistratus
774 3834 839 3912 hic
865 3829 1113 3930 estaptarrdis
1141 3829 1326 3931 praecipue
1355 3823 1432 3903 viis

83 3953 324 4057 praepositus,
371 3945 560 4045 hodieque
598 3956 841 4039 nuncupatur
877 3928 1113 4013 Provrdr‘torr'
1149 3928 1190 4009 di
1215 3925 1432 4021 commun)

84 4057 154 4134 lata
189 4081 291 4135 anno
319 4041 679 4130 Mcctxxv111.die
718 4063 810 4117 vero
838 4057 910 4116 v11.
949 4032 1085 4114 menfis
1110 4032 1204 4135 Julii
1241 4021 1431 4108 sententia

86 4157 352 4250 decreverunt,
377 4176 425 4230 ne
452 4147 536 4250 quis
563 4146 663 4224 ultra
684 4141 841 4221 statutos
867 4136 937 4217 fibi
963 4135 1107 4216 limites
1121 4125 1429 4234 praetergrediens

85 4257 150 4356 juri
175 4260 352 4337 Fratrum
381 4250 698 4348 Praedicarotum‚
723 4239 1000 4343 detrimentum
1027 4235 1181 4316 inferret
1204 4231 1302 4332 (Β).

131 4365 289 4464 Quanta
315 4376 445 4435 autem
472 4346 721 4438 veneratione
742 4364 835 4430 tunc
862 4362 941 4425 tem
969 4335 1046 4419 oris
1065 4335 1167 4419 Urbs
1179 4328 1431 4418 venetiarum

182 4468 293 4542 Tom.
319 4463 398 4541 VII.
967 4439 1007 4531 h,
1293 4427 1382 4511 Fra·
