3800 5342
1166 427 1168 432 ·
1334 390 1418 474 391*

124 519 218 613 bat,
241 531 284 595 ut
308 511 453 595 dilium
480 509 556 610 eli,
581 510 700 593 etiam
723 509 774 592 erl
798 509 1056 612 sepulturam,
1081 526 1154 595 trec
1177 536 1260 594 nou
1285 513 1324 594 bt
1348 513 1480 595 taliter

128 616 424 719 languentibus,
446 636 654 715 antequam
680 612 922 714 contingeret
948 666 962 708 ,
995 612 1092 692 tales
1117 634 1165 695 ex
1193 615 1265 695 bac
1295 618 1383 697 luce
1408 619 1480 696 mi·

128 745 264 822 grate,
285 743 416 801 amore
442 716 499 797 sui
524 716 842 818 sponsaturum
867 712 1068 815 utriusque
1093 714 1262 797 bominis
1290 739 1482 819 quantum

128 842 213 901 erat
237 822 280 901 in
304 820 383 922 ipsa
406 844 480 919 pro
502 817 650 903 viribus
673 819 923 919 procurabat.
949 815 1002 895 Et
1028 838 1076 897 est
1097 816 1168 897 islo
1190 816 1310 899 etiam
1336 820 1481 920 proces·
1525 902 1528 913 „

127 922 200 1018 sit,
227 943 270 1002 ut
295 919 548 1023 suprasiiium
573 919 649 1015 est,
675 920 713 999 8t
738 918 863 1000 adhuc
890 914 989 1001 insta
1011 934 1226 1020 tangetur,
1259 923 1481 1020 quodcum

90 1100 98 1115 x
133 1023 378 1127 personaliter
404 1022 696 1124 morbuspellis
722 1021 840 1127 ipsam
862 1019 1102 1120 arripuisset,
1126 1041 1233 1101 tanta
1256 1022 1331 1101 suit
1350 1022 1485 1119 iucun-
1621 1078 1644 1092 a

134 1126 255 1205 ditate
278 1126 446 1227 repleta,
468 1148 516 1204 ae
542 1122 569 1202 st
597 1144 749 1226 propter
768 1121 996 1219 Christum,
1020 1120 1270 1203 desideratum
1297 1123 1365 1202 fibi
1385 1146 1485 1204 mar·

101 1267 103 1271 ⁷
135 1227 281 1328 tyrium
307 1226 546 1321 ocemtissets
572 1225 610 1306 8r
637 1246 745 1306 tauto
769 1223 965 1328 amplius,
990 1244 1137 1325 quanto
1157 1226 1299 1328 absque
1322 1226 1484 1326 alicujus

161 1328 303 1411 rosimi
327 1329 443 1429 ipsam
469 1327 757 1428 martyrizantis
781 1347 941 1429 peceato
977 1327 1177 1430 sesculpa
1203 1381 1217 1425 ,
1249 1327 1376 1407 eidem
1405 1328 1485 1407 uio

133 1354 241 1511 lenta
265 1455 368 1510 mors
391 1424 516 1508 suisset
542 1429 671 1509 illata.
698 1430 858 1511 Mecum
877 1427 1040 1530 proinde
1063 1429 1107 1509 in
1118 1451 1384 1533 argumentum
1409 1428 1486 1511 suae

133 1531 327 1610 immensa
348 1530 561 1613 charitatis
587 1533 634 1611 ad
660 1534 790 1612 Deum
815 1531 919 1634 quast
943 1532 1089 1632 semper
1115 1557 1206 1611 cum
1235 1532 1312 1611 illis
1340 1551 1484 1631 tempo-

134 1633 242 1713 ribus
266 1632 511 1734 loqueretur,
535 1634 591 1713 ita
618 1633 788 1715 fervebat
815 1632 938 1715 veluti
965 1633 1045 1713 olla
1069 1632 1283 1728 ebulliens,
1306 1658 1350 1712 ac
1371 1632 1483 1711 emit-

133 1754 224 1815 tens
243 1758 293 1814 ex
317 1760 385 1814 ore
409 1734 532 1814 diuini
556 1735 702 1817 amoris
723 1736 878 1839 eloquia
903 1735 1161 1838 exprimentia
1185 1734 1363 1816 desideria
1389 1732 1486 1835 igui-
1566 1750 1568 1752 ’

132 1834 303 1932 tissima,
326 1836 366 1916 sc
381 1836 626 1917 struimur
650 1839 776 1919 cordis
802 1838 887 1918 sui.
924 1838 988 1929 Ex
1010 1862 1091 1938 quo
1126 1837 1270 1937 pluries
1289 1835 1486 1937 continge

135 1938 236 2031 bat,
269 1938 310 2017 br
335 1938 539 2038 prasertim
565 1964 657 2018 cum
683 1940 761 2018 sola
785 1939 830 2018 in
855 1936 986 2038 aliquo
1020 1940 1109 2017 loco
1135 1936 1308 2018 resideret
1334 1993 1348 2034 ,
1381 1936 1486 2039 quod

131 2037 294 2140 praefatis
317 2038 507 2120 desideriis
533 2038 854 2120 inardescentibus
873 2037 917 2121 in
943 2037 1043 2140 ipsa,
1067 2037 1211 2117 sursum
1229 2042 1413 2140 agebatur
1439 2038 1483 2119 in

135 2142 292 2235 Deum
315 2139 552 2240 &Sponstuu
579 2141 714 2237 sunm,
742 2140 902 2248 propriis
928 2139 1062 2221 etesiis
1087 2141 1408 2241 quemadmodum
1431 2140 1488 2219 in·
1649 2174 1651 2179 ·

106 2241 363 2337 ,terioribum
388 2244 443 2321 ita
467 2241 507 2322 8<
531 2243 786 2323 exterioribus
812 2241 1027 2324 luminibus
1047 2247 1174 2322 versus
1193 2242 1346 2322 Caluus
1368 2296 1382 2338 ,
1415 2243 1487 2325 im·

133 2343 241 2443 plens
268 2344 387 2424 illud:
404 2338 478 2422 ‘usi
503 2368 608 2423 anaor
632 2336 945 2425 rarusculos.
979 2343 1102 2526 Qfiuod
1128 2343 1229 2424 inter
1265 2344 1369 2425 vices
1393 2344 1487 2424 aliar

132 2446 250 2525 semel
277 2446 394 2549 ipsam
420 2444 469 2526 fic
495 2447 534 2525 se
560 2447 809 2544 habentem,
844 2447 937 2528 dum
964 2445 1006 2526 in
1037 2466 1255 2543 tmaretur‚
1291 2445 1486 2548 contingit

134 2545 375 2648 singulariter
400 2573 468 2628 me
491 2548 640 2630 videre:
667 2573 758 2629 nam
786 2572 876 2631 cum
896 2549 961 2628 die
984 2547 1260 2652 quadameirca
1283 2548 1487 2629 meridiem

133 2648 294 2749 aliquali
330 2649 537 2764 intervallo
564 2649 663 2731 fusio
700 2651 781 2749 post
805 2649 864 2765 sui
888 2650 969 2729 cibi
1005 2650 1292 2766 aliquantulam·
1308 2649 1488 2754 sumptio·
1543 2718 1553 2735 r

110 2774 252 2965 'llll
275 2748 1255 2969 illlis}ulll‘blalffil‘lllrfflllff‘llrlss
1282 2753 1488 2953 ussus

134 2950 355 3052 qurescere,
380 2951 443 3031 sel
469 2950 662 3046 domums
688 2950 1019 3054 pollaquuautam
1041 2976 1212 3047 moram,
1238 2976 1334 3052 ego,
1359 2953 1399 3033 8<
1423 2978 1487 3054 ge·

38 3112 44 3123 .
133 3049 254 3131 nitria
279 3051 359 3150 ejus
384 3051 605 3133 aremus
628 3053 682 3132 atl
703 3079 792 3134 eum
818 3053 896 3151 ine
918 3051 1102 3155 strepitu,
1121 3053 1355 3157 issimus,
1381 3053 1490 3136 inue-
1580 3058 1592 3065 “

136 3151 270 3233 nimus.
292 3178 377 3234 eant
403 3177 493 3235 eum
518 3154 737 3235 venusta&
761 3156 935 3256 angelica
955 3153 1051 3235 socie
1076 3152 1220 3236 ereslos
1253 3157 1388 3236 oculos
1413 3157 1489 3236 sut·

136 3255 224 3334 snm
249 3255 540 3336 versnsCalnm
562 3255 928 3339 irreverberabiliter
949 3256 1208 3355 retinentem,
1230 3257 1269 3337 rr
1294 3256 1396 3360 quast
1421 3256 1490 3337 ali·-

114 3355 230 3456 ¹quid
254 3356 391 3452 dulce,
416 3356 454 3439 δι
479 3355 710 3441 delebiabile
729 3361 970 3457 revolveret,
994 3360 1203 3441 &baberet
1228 3358 1270 3440 iu
1294 3380 1362 3439 ore
1388 3358 1490 3440 labia

134 3455 286 3558 precise
311 3478 559 3558 moventem,
585 3459 623 3539 δι
648 3459 853 3563 aliquando
878 3485 1002 3563 quam
1020 3461 1185 3542 dulciter
1210 3460 1490 3542 subridentem.

135 3561 268 3658 Quam
287 3584 360 3661 per
387 3561 533 3641 bouem
561 3562 725 3664 spatium
752 3564 984 3646 admirativo
1009 3562 1157 3643 intuitu
1190 3563 1374 3642 attentius
1399 3587 1490 3643 con·

136 3662 365 3776 templautes
387 3717 401 3758 ,
425 3664 580 3744 tandem
607 3664 655 3745 ad
680 3665 754 3767 piar
776 3665 998 3748 devotionis
1022 3667 1209 3767 lacrymas
1237 3663 1376 3766 pariter
1401 3685 1501 3745 com

135 3763 273 3844 citavit
298 3818 309 3842 .
336 3764 388 3845 Et
416 3784 458 3843 ut
485 3764 588 3844 insta
609 3766 780 3869 patebit,
804 3794 883 3847 non
910 3769 1034 3849 solum
1061 3794 1075 3863 3
1112 3790 1190 3848 uon
1217 3766 1339 3847 solum
1368 3764 1493 3845 veluti

135 3865 234 3945 alter
261 3863 458 3947 Martinus
482 3866 630 3965 oculis,
655 3890 768 3970 atque
793 3868 973 3951 manibus
999 3870 1040 3949 in
1061 3870 1214 3951 Colum
1242 3869 1387 3971 semper
1412 3885 1494 3949 erat

136 3965 311 4061 intenta,
336 3965 398 4048 sed
425 3968 666 4051 adhuesltis
690 3971 874 4067 vocibus,
899 3971 1193 4073 quampluries,
1218 3971 1309 4051 dum
1337 3989 1493 4071 egroto·

134 4089 195 4151 ret
209 4067 360 4170 sursum
385 4067 438 4151 ad
458 4063 625 4169 Colum,
645 4073 791 4174 smsum
818 4072 870 4155 ad
887 4069 1052 4170 Colum,
1077 4074 1206 4153 audita
1231 4072 1284 4153 est
1309 4073 1491 4153 acelama-

138 4190 226 4253 ω’»
253 4171 375 4255 lime
394 4172 496 4254 ultra
520 4173 593 4273 id»,
628 4176 741 4277 otrus
758 4200 831 4279 ego
866 4176 988 4278 ipsam
1014 4173 1262 4277 personaliter
1290 4171 1490 4253 multoties

39 4364 43 4373 .
137 4270 270 4355 aistlivi
290 4328 309 4371 ,
329 4272 552 4358 seruiium·
570 4274 668 4374 est,
697 4277 1038 4374 subclamantem,
1072 4276 1110 4356 δι
1136 4294 1308 4378 apertum
1335 4275 1490 4355 Colum

97 4388 100 4389 *
137 4371 222 4458 sore
243 4372 480 4480 frequentius
505 4377 785 4481 affirmantem
811 4379 910 4463 mihi
938 4377 1071 4464 retulit
1099 4378 1229 4462 Mater
1254 4377 1349 4479 sua,
1374 4375 1492 4477 quali·

172 4544 182 4549 ,
463 4510 468 4517 ·
682 4530 686 4537 -
960 4524 963 4535 ·
1027 4502 1030 4510 ’
1386 4498 1445 4558 ter
