3800 5342
519 329 604 439 248
755 323 856 407 Du
917 321 1492 405 Mounsnnnso

451 500 558 578 rum,
583 502 625 560 ut
649 444 877 580 quamplures
901 469 947 551 de
973 467 1042 550 illa
1067 499 1112 550 cx
1139 466 1264 572 nostris
1283 465 1448 569 felicior
1468 465 1718 566 migraverint
1744 465 1799 549 ad

454 580 693 664 Dominum·
718 577 813 656 inter
838 603 922 675 quos
949 601 1041 655 ursus
1061 570 1139 672 suit
1163 578 1248 649 Ven.
1275 579 1318 648 F.
1329 567 1491 649 Thomas
1504 566 1799 667 Adjuramicbri·

345 757 349 763 .
450 687 509 787 llo
533 683 579 763 de
603 643 717 783 Pisis,
742 702 831 757 tunc
856 673 961 756 Prior
986 670 1079 751 diui
1104 681 1314 752 Conventus
1338 674 1418 752 Oc.

504 789 618 864 Anno
650 779 994 957 13odss10hannem
1017 774 1218 855 Dominici
1246 774 1337 854 huic
1362 772 1588 854 Convenrui
1617 773 1796 873 praesuiue

454 884 608 964 testatur
634 882 756 962 ornati
788 906 863 957 rma
892 879 1012 979 Virgo
1037 877 1314 957 But-holomaea
1339 874 1582 973 Riccob0m‚
1608 874 1649 953 in
1670 877 1795 957 Chro-

455 986 547 1065 nico
574 980 796 1064 monasterii
823 979 1008 1081 Corporis
1032 979 1212 1059 Christi.
1247 987 1308 1057 Fr.
1337 974 1490 1057 Mathia
1518 977 1561 1077 se
1591 974 1693 1075 parri
1730 1003 1796 1055 con

456 1091 573 1189 nostro
596 1080 740 1179 Parim,
764 1082 778 1180 (
799 1084 941 1181 Joanne
970 1107 1104 1183 nempe
1131 1078 1332 1159 Dominici
1358 1081 1373 1179 )
1398 1076 1449 1159 da
1467 1088 1506 1157 S.
1527 1071 1714 1177 Zanepoio
1729 1099 1794 1175 per

455 1179 618 1266 humilii
642 1181 744 1283 volso
769 1183 855 1286 effer
880 1186 1062 1285 Conversa
1081 1183 1178 1284 sotto
1204 1176 1231 1260 i
1240 1177 1447 1284 obedienza
1470 1178 1641 1282 denoliro
1652 1178 1794 1275 padre,

455 1284 522 1365 che
546 1285 587 1364 in
613 1282 697 1386 quei
721 1307 840 1384 tempo
865 1313 1008 1389 rezeva
1033 1279 1069 1366 el
1093 1293 1284 1364 Conventa
1308 1281 1356 1362 de
1382 1280 1511 1382 miſser
1534 1291 1572 1358 S.
1591 1273 1794 1380 Zompoh.

457 1389 522 1471 De
549 1413 596 1466 eo
622 1388 714 1490 saepe
742 1387 933 1485 diximus,
960 1387 1173 1490 iterumque
1201 1387 1468 1467 memorandus
1494 1384 1586 1462 erit.

510 1493 627 1570 Anno
659 1517 761 1589 1400.
799 1489 1099 1569 Bartholomaeus
1136 1491 1180 1568 de
1207 1488 1367 1569 Acerbis
1403 1487 1449 1565 de
1478 1482 1659 1579 Pmoun,
1694 1481 1795 1579 cujus

461 1612 634 1692 tempore
661 1589 878 1670 Bonisacius
906 1591 971 1668 IX.
1009 1591 1195 1670 Francisci
1223 1586 1435 1669 Lauredani
1470 1612 1606 1688 corpus
1643 1584 1685 1663 in
1711 1584 1795 1661 emi-

460 1692 571 1775 nenti
597 1691 772 1771 Ecclesrae
797 1692 858 1771 SS.
885 1691 1041 1792 Ioannis
1067 1692 1104 1771 8<
1132 1692 1238 1771 Pauli
1267 1693 1353 1773 loco
1380 1689 1562 1770 tumulari
1588 1683 1794 1778 concedit,

463 1813 509 1873 ut
535 1793 663 1874 videre
691 1791 742 1873 est
769 1792 809 1871 in
837 1790 1008 1872 Bullario
1033 1793 1189 1872 Ordinis
1213 1794 1328 1874 Tom.
1341 1795 1390 1871 11.
1413 1815 1497 1894 pag.
1511 1797 1594 1894 385.

516 1899 632 1975 Anno
663 1922 767 1995 1402.
793 1895 1094 1975 Bartholomaeus
1121 1894 1322 1975 Dominici
1348 1895 1395 1974 de
1421 1892 1554 1989 Senis,
1578 1887 1675 1968 olim
1689 1885 1792 1967 Divae

463 1996 687 2076 Catharinae
714 1995 865 2076 Senensi
891 2023 913 2074 a
938 1995 1272 2092 Conseffionibus‚
1297 1994 1363 2098 qui
1390 2020 1458 2097 pro
1483 1988 1722 2076 observantia
1747 2010 1795 2064 re·

456 2099 581 2198 gulori
609 2098 650 2176 in
677 2098 869 2178 Domibus
896 2099 1056 2179 Veneris
1081 2098 1307 2179 restituendo
1344 2093 1647 2193 serventiffime‚
1682 2110 1726 2168 ut
1748 2086 1796 2165 su·

460 2222 527 2313 pra
553 2198 742 2296 vidimus,
769 2199 978 2281 laboravit.
1008 2200 1216 2281 Provinciae
1243 2197 1491 2297 S.Dominici
1518 2190 1732 2298 pruscam,
1756 2211 1797 2266 eo

333 2381 338 2385 ,
460 2324 505 2380 ur
532 2326 687 2381 munere
715 2300 897 2400 decenis,
934 2323 977 2384 ut
1002 2302 1133 2384 scribit
1158 2305 1321 2406 Joannes
1347 2297 1549 2381 Dominici
1583 2288 1794 2410 innepistoio

463 2400 699 2495 admatrem
736 2403 840 2485 suam
876 2406 963 2483 dato
988 2404 1223 2487 Constantio
1258 2405 1320 2484 die
1347 2426 1426 2485 xvi.
1465 2401 1662 2481 Februaru
1689 2395 1703 2492 (
1728 2413 1795 2469 non

460 2524 561 2618 xxu.
588 2525 630 2582 ut
658 2523 767 2583 notat
792 2505 856 2586 Cl.
885 2505 1095 2587 Biscionius
1120 2510 1136 2607 )
1160 2533 1262 2587 anno
1291 2494 1700 2600 Mccccxv1.Epistola
1726 2493 1794 2570 hoc

333 2703 340 2707 ἢ
462 2603 595 2709 omsffa
631 2601 705 2683 suit
741 2630 762 2684 a
797 2607 977 2688 Martene
1014 2609 1131 2687 Tom.
1165 2610 1232 2688 VI.
1270 2608 1456 2687 Veterum
1490 2601 1726 2701 Scriptorum
1760 2616 1794 2670 ru

462 2705 630 2803 processu
657 2707 978 2789 contestationum
1006 2711 1115 2811 super
1141 2708 1371 2807 surditate,
1404 2709 1444 2789 8<
1469 2702 1639 2785 dourina
1666 2698 1707 2776 B.
1731 2694 1795 2773 Ca·

408 2808 423 2835 ‘
461 2806 624 2920 thurino
649 2808 696 2888 de
722 2808 864 2907 Senis,
889 2830 995 2891 extat
1023 2837 1114 2891 vero
1150 2811 1192 2892 in
1219 2813 1385 2914 processu
1422 2834 1490 2888 ms.
1517 2798 1795 2890 Bibliotheca,

461 2931 568 3023 curus
597 2907 671 2990 hoc
697 2908 954 3013 fragmentum
981 2912 1027 2993 ad
1054 2938 1170 3011 rem,
1205 2938 1319 3015 quam
1347 2912 1520 3014 agimus,
1545 2920 1796 3006 opportunum

461 3007 634 3122 euhrbeq
656 3041 665 3089 ι
691 3009 876 3093 Similiter
900 3007 1126 3095 Venerabilis
1151 3012 1332 3118 Magister
1356 3003 1657 3115 Bartholomaeus·
1675 2998 1724 3080 de
1748 3007 1799 3111 Sr-

461 3134 545 3206 ms,
570 3137 642 3223 qm,
660 3112 844 3194 modicum
870 3112 1042 3215 temporis
1067 3120 1141 3220 est,
1165 3141 1212 3196 ex
1237 3143 1305 3217 quo
1331 3141 1377 3194 ex
1403 3112 1474 3195 bac
1499 3105 1579 3190 luce
1602 3121 1800 3213 migrawtr

461 3205 714 3326 Prouincialis
748 3213 904 3318 existens
939 3214 1148 3297 Provincia
1173 3228 1210 3297 S.
1233 3213 1427 3299 Dominici
1461 3208 1642 3311 religiosus
1681 3223 1800 3316 unqu

455 3308 597 3423 sontior
622 3314 673 3391 Θ
699 3307 949 3398 immaculato
985 3317 1077 3399 viro
1102 3319 1181 3398 Oc.
1209 3321 1270 3398 Ex
1295 3319 1433 3421 quibus
1469 3310 1669 3398 certissime
1708 3326 1800 3385 euru

462 3430 587 3506 estur,
614 3417 1033 3521 nequeEpiscopalibus
1061 3446 1228 3522 unquam
1249 3421 1404 3518 insulis,
1430 3438 1473 3500 ut
1500 3412 1619 3518 aliqui
1647 3405 1803 3496 volunt,

461 3508 682 3631 decoratum
709 3515 848 3620 fuisse,
885 3547 1007 3624 neque
1034 3523 1081 3601 ad
1106 3548 1250 3602 annum
1278 3549 1395 3627 usque
1427 3549 1532 3622 1422.
1560 3513 1683 3596 vitam
1710 3509 1801 3587 suam

459 3617 706 3734 mortuusis,
728 3622 831 3722 quod
857 3645 988 3704 autem
1015 3623 1198 3704 chronica
1216 3648 1306 3706 nora
1327 3650 1472 3705 annum
1499 3622 1708 3716 deuotam,
1726 3630 1801 3725 ‚quo

462 3712 668 3836 Trauatur
689 3722 847 3805 Ordinis
883 3724 929 3805 de
957 3725 1191 3808 Poenitemio
1217 3752 1374 3808 manum
1412 3721 1585 3806 admovit
1607 3717 1652 3797 in
1678 3713 1801 3794 edsno

458 3817 870 3934 noeqnssrtutionum
898 3827 1122 3930 corrigenda
1149 3827 1216 3928 fit,
1241 3828 1410 3932 superius
1435 3826 1603 3908 diximus
1628 3819 1673 3898 in
1699 3813 1803 3894 aduo-
1879 3840 1880 3863 ³

457 3921 669 4002 tatrombus
696 3925 742 4004 ad
770 3926 994 4008 Tradatum
1023 3929 1167 4032 ipsum.
1780 4013 1789 4029 .

477 4029 482 4036 ’
508 4022 627 4113 Anno
658 4053 762 4207 mii
787 4029 950 4143 Joannes
976 4028 1203 4113 Benediiius
1230 4036 1438 4131 Venetus,
1462 4031 1530 4134 qui
1556 4050 1649 4110 cum
1675 4015 1802 4137 Ρτξεᾲῑ·

356 4158 359 4165 ·
457 4139 631 4203 catorum
659 4129 715 4206 Or
743 4153 798 4207 rm
826 4155 968 4212 nomen
994 4134 1147 4215 dedisset
1175 4133 1215 4214 in
1245 4134 1481 4217 Monasterio
1507 4134 1544 4212 S.
1572 4133 1802 4235 Dommulv

455 4219 583 4321 postea
609 4251 699 4306 cum
725 4231 870 4330 Joanne
899 4232 1102 4315 Dominici
1137 4236 1184 4314 ad
1211 4236 1317 4318 hunc
1342 4239 1597 4317 Conventum
1624 4221 1802 4310 tranfiltr

454 4340 498 4398 ut
524 4327 737 4440 regularem
765 4332 1044 4415 observantiam
1071 4336 1114 4416 in
1141 4362 1186 4419 ea
1210 4337 1463 4420 reformaret.
1491 4338 1554 4416 De
1581 4358 1628 4412 eo
1655 4318 1802 4432 sopesu·

450 4420 537 4518 Pius
560 4425 716 4527 rliustris
741 4433 891 4525 mentio
916 4435 1080 4526 habetur
1104 4437 1149 4525 iu
1173 4440 1330 4529 laudaro
1368 4437 1569 4536 nauatu’
1605 4434 1802 4630 &biiiim
