3800 5342
389 510 476 592 aliis
502 506 616 590 latius
640 499 875 606 explicatur.
898 495 954 578 Et
970 491 1456 614 ‘quemadmodumtsaepius
1474 497 1622 579 orando
1646 524 1739 580 ocu-

391 614 440 694 lis
466 607 697 692 mentalibus
721 603 942 684 elevabatur
968 623 1011 678 rn
1038 598 1167 679 Deum
1188 622 1202 691 3
1228 617 1282 676 tta
1307 618 1348 678 rn
1373 597 1483 679 disin
1507 600 1736 680 elevationis

390 732 660 815 argumentum
680 705 800 788 etiarn
825 699 930 784 oculi
956 699 1013 781 sui
1029 698 1246 816 corporales
1271 697 1436 815 elevati,
1460 698 1499 779 8(
1519 701 1636 782 cressi
1662 726 1755 783 cer-¹

387 818 577 898 nebantur
600 800 1183 895 ineoelom,-Ers1csufficrar
1208 800 1256 885 de
1279 799 1351 885 ruo
1372 800 1586 904 Capitulo.
1673 834 1676 845 ·
1710 852 1714 857 -

391 1024 453 1097 De
477 1011 586 1113 hujus
610 1009 768 1095 Domini
795 1004 944 1093 diretta
970 1002 1022 1089 ad
1053 1002 1130 1086 tria
1154 997 1356 1104 Religionis
1378 1026 1507 1103 vota,
1542 1028 1627 1084 cum
1652 1030 1740 1082 non

443 1116 534 1197 dum
560 1108 902 1219 efferB.·Dominiri
926 1106 1059 1191 babitu
1082 1103 1248 1206 religioso
1260 1105 1425 1213 vestita,
1444 1106 1631 1210 perpura
1658 1105 1739 1207 affe·

440 1214 659 1316 isitres&
678 1238 746 1317 pro
762 1213 833 1317 suo
858 1204 1004 1294 modulo
1019 1206 1293 1329 prqsrtcutiune.
1350 1282 1355 1291 r
1407 1278 1435 1295 ,,
1690 1282 1694 1287 .

740 1393 1160 1511 Carus
1253 1388 1395 1549 =IX.

279 1728 284 1781 ι
392 1586 672 1817 INtlrdescens
690 1594 826 1712 'autem
845 1651 917 1729 pro
942 1644 986 1707 ut
1011 1625 1080 1708 fibi
1106 1622 1368 1728 eratpoffibile
1390 1594 1441 1703 ad
1462 1620 1536 1703 tria
1552 1615 1739 1703 solemnia

465 1728 665 1834 religionis
691 1751 805 1828 vota,
830 1728 1005 1832 quamvis
1023 1728 1150 1810 adhuc
1170 1726 1304 1807 habitu
1316 1725 1421 1807 Beati
1434 1722 1638 1805 Dominiei
1660 1722 1742 1801 non

388 1834 549 1931 induta,
568 1852 745 1913 attamen
767 1851 947 1949 tanquam
968 1830 1058 1915 Deo
1083 1849 1164 1911 tota
1184 1828 1394 1925 dedicata,
1417 1823 1745 1930 quemadmodum

391 1934 616 2038 supradiiias
639 1935 758 2013 Sacra
788 1930 986 2034 relrgionis
1015 1932 1285 2028 ceremonias,
1310 1931 1365 2011 ita
1389 1928 1427 2008 8<
1453 1928 1621 2026 ejusdem
1648 1944 1741 2004 vota

390 2037 542 2139 praefata
565 2034 703 2137 exequi
729 2035 898 2136 plenarie
922 2035 1116 2137 satagebat
1141 2093 1151 2113 .
1176 2033 1291 2114 Unde
1312 2050 1502 2136 quantum
1528 2028 1576 2109 ad
1602 2046 1740 2108 votum

390 2138 622 2241 paupertatis
649 2136 823 2219 voluisset
849 2161 964 2239 quam
990 2154 1166 2239 prompte
1188 2133 1363 2233 omnia,
1398 2156 1481 2235 qun
1505 2130 1673 2211 habebat
1699 2127 1741 2207 in

280 2250 283 2265 '
390 2240 601 2340 potentia,
634 2238 697 2318 vel
717 2237 759 2317 in
781 2238 873 2318 asiu
900 2262 1054 2339 erogare
1075 2236 1306 2341 pauperibus
1331 2255 1483 2338 propter
1507 2229 1710 2313 Christum
1730 2284 1741 2306 .

391 2343 444 2419 Et
470 2365 560 2420 cum
586 2361 633 2419 ex
661 2338 735 2419 hoc
760 2340 890 2443 aliqua
907 2338 1009 2420 hine
1032 2339 1124 2421 inde
1149 2336 1326 2435 dedisset,
1352 2336 1485 2418 Matre
1508 2330 1679 2428 sciente,
1703 2330 1741 2409 dc
1873 2386 1876 2389 -

392 2441 533 2521 iterum
561 2439 639 2540 poli
665 2439 781 2523 etianr
805 2440 1071 2541 aliqua‘alia‚
1107 2438 1294 2541 genitrice
1318 2437 1472 2540 penitus
1508 2435 1744 2537 ignorante,

393 2541 441 2619 ad
468 2541 667 2625 vitandum
692 2564 810 2621 omne
838 2540 1059 2621 scandalum
1080 2595 1099 2637 r,
1117 2541 1172 2621 a&
1197 2540 1450 2621 obtinendum
1478 2536 1671 2618 intentum
1696 2532 1742 2613 de

393 2642 578 2740 consilio,
602 2642 639 2720 8(
666 2642 846 2722 mandato
871 2666 961 2722 meo
988 2662 1114 2723 totum
1140 2642 1242 2745 quod
1268 2642 1316 2721 ad
1351 2640 1468 2743 ipsam
1493 2638 1744 2742 pertinebat,

394 2742 501 2822 disice
523 2744 600 2823 >suar
629 2742 750 2823 Matri
785 2742 1040 2847 impliciter,
1071 2744 1113 2823 ·8c
1139 2742 1314 2823 alacriter
1338 2740 1580 2844 reignavit.
1617 2739 1671 2816 Et
1697 2733 1745 2814 ic

93 2942 113 2951 ..
212 2972 215 2983 Ι
289 2880 296 2895 s
391 2869 534 3024 pauper
558 2842 691 2924 effesia
715 2844 874 2946 spiritu,
897 2842 995 2925 {idest
1021 2842 1158 2924 assessu
1181 2843 1358 2944 paritet,
1382 2845 1421 2925 ἃ
1445 2839 1583 2923 effesiu
1616 2838 1673 2918 ita
1698 2837 1745 2916 de
1800 2922 1806 2929 ,

424 2972 470 3027 oc
494 2948 668 3027 'laetantcr
692 2946 950 3047 gloriabatur,
973 2947 1019 3025 ἀ
1035 2945 1469 3047 glorianter·laetabatur
1488 2998 1508 3040 ,
1528 2943 1635 3044 quod
1661 2958 1744 3018 erat

394 3045 580 3148 singulare
603 3047 740 3127 ,sestum
766 3046 898 3126 videre
919 3046 1166 3146 juvenculam
1183 3072 1212 3126 a
1230 3046 1370 3127 teneris
1397 3044 1510 3127 annis
1532 3044 1577 3123 in
1597 3063 1675 3122 tem
1731 3084 1745 3155 3

394 3150 534 3229 ralium
555 3145 735 3251 cupidine
764 3147 975 3229 enutritam
997 3203 1011 3247 ,
1036 3173 1140 3230 nunc
1162 3166 1295 3229 autem
1318 3167 1424 3229 tanta
1447 3171 1494 3229 ac
1520 3144 1640 3227 taliter
1682 3165 1746 3219 rur

395 3249 633 3331 beatitudine
660 3249 909 3350 paupertatis,

447 3353 509 3433 De
535 3349 735 3430 Callitatis
756 3350 890 3431 uu'tem
922 3370 1022 3432 voto
1042 3348 1138 3452 quid
1165 3349 1289 3433 dicam
1315 3406 1329 3448 ,
1365 3375 1455 3431 eum
1478 3376 1504 3429 a
1538 3341 1750 3449 supradisio

393 3452 468 3531 suae
489 3450 750 3533 conversionis
774 3471 947 3555 tempore
971 3454 1122 3555 semper
1144 3454 1230 3534 talis
1257 3452 1509 3555 dispositionis
1528 3446 1749 3532 invenerim

394 3576 439 3632 ac
465 3552 711 3656 srnuuquam
736 3552 938 3635 hominem
966 3554 1225 3654 cognovisset?
1250 3553 1548 3636 &consimiliter
1572 3574 1665 3632 cum
1691 3548 1750 3628 fir·

394 3678 462 3770 mo
487 3654 700 3772 proposito,
721 3657 853 3758 quod,
879 3655 946 3735 ubi
958 3658 1047 3736 Deo
1069 3655 1265 3757 placeret,
1281 3656 1505 3759 &poliibile
1529 3652 1653 3750 soret,
1679 3674 1752 3731 nec

394 3780 443 3834 m·
463 3776 695 3857 praetentum
723 3781 892 3859 unquam
918 3756 1046 3837 virum
1069 3760 1291 3860 cognovisse
1317 3759 1516 3854 voluisset,
1541 3780 1613 3838 nee
1641 3756 1682 3833 in
1694 3751 1751 3832 su·

239 3969 247 3981 ,
362 3873 526 3939 'turum
550 3882 720 3961 unquam
745 3859 974 3962 cognoscere
1000 3858 1150 3942 vellet.
1183 3863 1238 3941 Et
1264 3882 1308 3941 ut
1346 3861 1513 3942 breviter
1538 3857 1640 3939 circa
1674 3855 1750 3935 hoc

395 3960 647 4057 concludam,
671 3960 716 4038 in
736 3959 969 4042 consessione
995 3962 1083 4060 sua,
1110 3982 1154 4041 ut
1179 3961 1349 4065 superius
1372 3961 1519 4041 disium
1549 3958 1602 4038 est
1627 4013 1640 4053 ,
1676 3981 1750 4035 nec

394 4057 519 4139 solum
546 4063 686 4156 semel,
711 4061 775 4178 sed
799 4063 1058 4166 quampluries
1080 4063 1183 4143 milri
1209 4063 1491 4165 eumsrngulari
1518 4058 1750 4164 expressione

392 4158 433 4242 ἃ
457 4186 594 4265 magna
619 4164 789 4245 efficacia
811 4165 1024 4263 revelavit,
1050 4163 1180 4246 dicens
1202 4193 1217 4253 z
1243 4164 1425 4249 Teu'eatis
1450 4165 1637 4260 firmiter,
1660 4181 1750 4241 care

394 4262 527 4362 Pater,
552 4266 654 4366 quod
682 4264 858 4347 Domino
884 4266 1093 4369 largiente,
1120 4292 1194 4369 ego
1219 4292 1283 4350 me
1309 4269 1437 4350 taliter
1462 4267 1622 4362 sentio,
1652 4289 1699 4343 ne
1725 4256 1754 4339 fi

395 4370 476 4445 non
500 4366 614 4448 essem
641 4364 683 4447 in
708 4389 822 4451 carne
847 4424 858 4448 .
895 4368 949 4452 Et
975 4368 1233 4457 nihilominus
1256 4370 1390 4476 sepius
1410 4370 1588 4456 ,addebat
1624 4364 1750 4547 Ιὲιὲῇυε·

1590 4492 1633 4549 nt
1686 4490 1700 4543 ι
