3800 5342
1293 404 1369 463 121

105 524 150 610 rii
175 521 423 628 Apostolieis,
445 520 609 624 scripto,
633 519 672 601 dr
696 518 911 622 erremplato
935 517 1083 617 latius,
1117 516 1324 606 dillineiius
1350 544 1437 611 eou-

104 630 260 709 tinetur.
288 629 338 707 Et
364 626 466 725 quod
496 625 694 723 Maphaeus
721 622 1017 738 Bartholamaei,
1042 624 1216 724 publicus
1243 629 1437 728 Imperiali
1478 674 1480 681 ‚

104 727 319 809 sonoritate
344 723 552 819 Notarius,
578 723 617 803 δι
641 723 774 802 nollrae
801 723 1053 805 Cancellanae*
1067 726 1313 807 Venetiarum
1342 731 1438 808 Scri·

104 832 178 925 ba,
213 829 250 906 a
279 831 410 906 Petrus
446 827 492 905 de
518 823 745 905 comitibus
771 822 967 924 Imperiali
1004 823 1227 906 audioritate
1254 830 1438 911 Notarius

103 929 302 1032 publicus,
328 954 398 1006 nee
420 951 508 1007 -non
530 923 661 1005 Scriba
688 924 818 1003 Curio:
844 924 1068 1004 Castellanae
1094 949 1347 1026 memoratae,
1371 932 1439 1031 qui
1569 1019 1571 1023 ,
1714 931 1716 935 ’

102 1033 137 1110 se
160 1030 327 1108 irs-uiuo
353 1026 554 1127 exemplo,
579 1026 617 1106 dr
643 1026 879 1126 transumpto
907 1026 1220 1127 subscripserunt,
1246 1029 1332 1107 sunt
1360 1035 1441 1110 No·

103 1131 180 1210 tatii
208 1131 317 1210 bonae
344 1127 536 1231 opinionis
563 1127 599 1205 8<
626 1124 758 1221 famae,
783 1151 946 1227 quorum
975 1126 1233 1208 instrumentis
1260 1130 1331 1224 ,dt
1357 1134 1440 1212 scri·

104 1230 213 1331 pturis
238 1229 444 1310 adhibetur
478 1227 565 1309 fidei
594 1226 822 1327 plenitudo.
859 1229 960 1307 Data
988 1228 1027 1306 in
1056 1228 1181 1307 nollro
1209 1232 1348 1309 Ducali
1379 1237 1441 1312 Pa-

106 1331 191 1412 latio
217 1330 281 1411 die
308 1328 620 1431 vigelimaquinta
648 1326 782 1407 meufis
809 1327 944 1426 Maii,
972 1328 1184 1411 tndiuione
1210 1336 1441 1433 quartadeci-

101 1456 175 1513 ma.
660 1476 662 1479 v
1277 1504 1280 1510 Δ
1430 1478 1435 1487 ·

148 1536 244 1615 lrem
275 1532 552 1635 consequenter.
571 1529 681 1615 circa.
706 1529 823 1615 finem
849 1529 986 1616 menfis
1012 1532 1243 1634 Septembris
1270 1536 1393 1635 recepi
1419 1564 1442 1616 a

102 1633 306 1735 supradielo
334 1635 579 1715 Procuratore
606 1630 760 1715 Ordinis
797 1656 910 1711 uuam
939 1632 1121 1729 literam,
1158 1634 1400 1716 intimantem
1428 1644 1442 1733 ζ

102 1737 258 1917 ergalite‘ri
282 1735 486 1916 pecuniam
522 1753 711 1835 receperat
746 1731 1025 1833 supradieiam.
1060 1733 1185 1832 Cujus
1221 1758 1329 1817 tenor
1356 1739 1442 1820 talis

99 1863 118 1915 e
155 1864 231 1932 ,vr
259 1856 395 1916 ercet:
664 1912 669 1923 ,
1428 1856 1438 1929 ἡ·

132 1939 368 2020 Reverende
399 1939 530 2032 Pater,
556 1933 636 2036 post
663 1935 823 2017 salutem
848 1937 889 2018 in
901 1937 1078 2018 Christo.
1106 1940 1250 2042 Recepi
1276 1943 1440 2043 perban·

101 2042 185 2120 'cum
211 2037 481 2140 christophori
503 2093 518 2133 ,
543 2038 580 2115 8<
608 2038 786 2118 Matthaei
814 2039 859 2118 de
886 2039 1029 2125 Riceiis
1056 2043 1290 2140 pecuniam,
1324 2069 1441 2142 quam

97 2140 197 2217 milri
229 2138 375 2243 misistis
421 2165 488 2240 pro
523 2139 830 2223 Confirmatione
868 2141 1024 2241 Regula
1065 2140 1135 2225 &e
1172 2142 1245 2225 Sed
1282 2144 1439 2241 miror,

98 2241 199 2340 quod
225 2264 408 2344 protunc
434 2238 536 2323 nihil
563 2242 660 2321 mihi
700 2239 918 2341 striplillis,
953 2240 1061 2342 quasi
1081 2266 1160 2321 nou
1186 2241 1303 2322 suerit
1331 2243 1441 2324 robis

103 2343 196 2422 b'ene
222 2341 474 2439 feriendum,
501 2343 562 2422 uel
589 2344 691 2442 quod
717 2368 795 2423 non
823 2342 965 2444 placuit
993 2341 1102 2423 vobis
1128 2343 1272 2445 aliquid
1298 2344 1444 2425 inBul·

98 2440 134 2520 la
159 2466 419 2541 contentum,
456 2466 520 2527 aut
546 2446 634 2544 quia
661 2446 733 2523 fuit
762 2444 815 2523 ibi
843 2443 891 2523 ali
922 2443 985 2523 uid
1022 2443 1289 2525 diminutum.
1324 2448 1443 2546 Super

96 2568 173 2642 quo
198 2544 345 2627 debetis
370 2545 468 2625 mihi
495 2546 594 2624 clare
622 2545 858 2641 rescribere,
894 2466 930 2624 ir
959 2545 1084 2623 literas
1112 2545 1264 2624 mittere
1291 2548 1336 2625 ad
1363 2548 1444 2625 Cu·

101 2645 191 2724 riam
220 2673 288 2747 per
314 2651 477 2728 bancum
505 2644 822 2746 sopradiuorum.
850 2647 1013 2726 Intendo
1039 2646 1252 2727 eniminfra
1263 2647 1350 2727 otro
1362 2647 1441 2728 dies

101 2744 190 2825 hinc
217 2749 430 2842 discedere,
454 2747 491 2827 8<
519 2747 644 2827 versus
671 2747 843 2831 eamdem
871 2745 942 2824 iter
953 2746 1138 2844 arripere,
1165 2749 1342 2829 Domino
1352 2768 1441 2829 con·

100 2848 278 2925 cedente.
305 2849 394 2924 Alia
421 2870 497 2923 non
525 2846 647 2924 scribo
671 2848 718 2927 ad
745 2845 918 2945 presens.
948 2846 1083 2922 Valere
1111 2848 1152 2923 in
1171 2849 1369 2944 Domino,
1396 2870 1440 2929 ut

98 2947 302 3047 amande}
332 2947 476 3031 Datum
491 2945 715 3041 Florentiae,
740 2943 804 3023 die
828 2943 1109 3045 quintadecima
1136 2946 1447 3048 menfisSeptem·
1603 2922 1606 2925 μ

102 3047 175 3127 bris
200 3076 308 3148 1405.
410 3045 541 3127 Vester
570 3047 698 3126 Frater
725 3046 935 3133 Ubertinus
962 3045 1030 3126 &e

148 3152 255 3228 Inter
278 3149 387 3245 tiaec,
415 3168 618 3248 antequam
646 3147 852 3248 reciperem
878 3147 1025 3228 literam
1051 3147 1288 3249 pradidlam,
1316 3169 1449 3253 utpote

101 3249 142 3327 de
168 3250 294 3329 mense
322 3249 515 3350 Augusti,
553 3250 749 3330 Dominus
774 3249 960 3329 Nicolaus
986 3251 1211 3332 Contareno
1235 3307 1249 3349 ,
1272 3277 1370 3333 unus
1397 3252 1445 3333 de

103 3349 793 3449 quatuorAmbasciatoribusVenetis
819 3350 1144 3431 adlnnocentium
1173 3352 1449 3454 supradietum,

98 3451 250 3554 dequo
276 3452 449 3531 Domino
476 3451 642 3551 Nicolao
669 3453 811 3553 pluries
836 3452 943 3553 supra
980 3451 1074 3530 falia
1112 3452 1163 3532 est
1190 3455 1370 3552 mentio,
1409 3456 1449 3535 8<

102 3553 163 3631 bui
186 3555 363 3653 dederam
394 3552 651 3648 Tradiatum,
690 3554 940 3653 pertinentem
967 3554 1013 3632 ad
1040 3554 1187 3633 Statum
1218 3556 1373 3635 illorum
1400 3557 1448 3635 de

102 3652 329 3737 Paenitentia
358 3655 397 3733 B.
426 3653 625 3740 Dominicl
646 3656 734 3749 ,ηδε
759 3656 885 3756 aliqua
922 3653 1159 3733 memorialia
1196 3657 1449 3755 praesentanda

102 3753 205 3833 dieto
230 3757 405 3851 Donuno
434 3756 539 3859 Pepe
560 3755 813 3851 innoeentio,
839 3756 875 3835 8<
901 3754 1004 3834 areo
1015 3757 1253 3836 Procuratori
1267 3758 1447 3855 Ordinis,

100 3877 432 3959 proutappareret
458 3872 716 3958 opportunum
745 3880 812 3957 pro
840 3856 1106 3957 impetratione
1134 3859 1347 3958 supradiiie
1359 3859 1448 3939 Bul·

107 3956 310 4052 lae,2rcdiit
337 3956 426 4038 cum'
444 3958 565 4038 Sociis
580 3959 776 4051 Veneriis,
805 3979 935 4057 utpote
963 3983 1051 4038 cum
1080 3960 1250 4054 duobus,
1276 3958 1447 4058 quiater·

106 4056 204 4156 tius,
225 4060 369 4140 scilicet
398 4061 591 4138 Dominus
618 4060 815 4160 Philippus
841 4056 1024 4138 Corrario
1052 4057 1226 4136 remanfit
1252 4083 1340 4136 cum
1368 4083 1450 4158 ger·

103 4148 380 4251 madu‘suo’ad
409 4159 639 4263 tempus'jin.
659 4161 876 4256 Maronia,
915 4160 1093 4239 videlicet
1121 4184 1209 4237 cum
1237 4154 1447 4259 supradieio

107 4252 462 4364 DominoAngelo,
484 4255 1164 4362 PatrlarchaConstantinopolitano,
1189 4260 1331 4360 Legato
1345 4258 1449 4339 Mar·

200 4372 308 4444 Tom.
334 4372 413 4445 VH.
612 4410 616 4417 ·
924 4364 975 4459 Q
1191 4442 1193 4447 χ
1279 4355 1400 4456 chiae,
