<?xml version="1.0" encoding="UTF-8"?>
<!DOCTYPE html PUBLIC "-//W3C//DTD XHTML 1.0 Transitional//EN"
    "http://www.w3.org/TR/xhtml1/DTD/xhtml1-transitional.dtd">
<html xmlns="http://www.w3.org/1999/xhtml" xml:lang="en" lang="en">
 <head>
  <title>
</title>
<meta http-equiv="Content-Type" content="text/html;charset=utf-8" />
  <meta name='ocr-system' content='tesseract 3.04.00' />
  <meta name='ocr-capabilities' content='ocr_page ocr_carea ocr_par ocr_line ocrx_word'/>
</head>
<body>
  <div class='ocr_page' id='page_1' title='image "./ecclesiaeveneta01pasqgoog_0412.png"; bbox 0 0 3800 5342; ppageno 0'>
   <div class='ocr_carea' id='block_1_1' title="bbox 401 317 1754 651">
    <p class='ocr_par' dir='ltr' id='par_1_1' title="bbox 401 317 1754 651">
     <span class='ocr_line' id='line_1_1' title="bbox 466 317 1507 428; baseline -0.004 -28"><span class='ocrx_word' id='word_1_1' title='bbox 466 317 551 428; x_wconf 79' lang='lat'>388</span> <span class='ocrx_word' id='word_1_2' title='bbox 1505 406 1507 408; x_wconf 50' lang='grc'><strong>,</strong></span> 
     </span>
     <span class='ocr_line' id='line_1_2' title="bbox 401 462 1754 651; baseline -0.002 -102"><span class='ocrx_word' id='word_1_3' title='bbox 401 469 536 651; x_wconf 53' lang='lat' dir='ltr'>puemi</span> <span class='ocrx_word' id='word_1_4' title='bbox 563 467 729 572; x_wconf 90' lang='lat' dir='ltr'>capitulo</span> <span class='ocrx_word' id='word_1_5' title='bbox 750 465 986 549; x_wconf 81' lang='lat' dir='ltr'>ostendetur.</span> <span class='ocrx_word' id='word_1_6' title='bbox 1013 462 1340 567; x_wconf 86' lang='lat' dir='ltr'>Quamviscnim,</span> <span class='ocrx_word' id='word_1_7' title='bbox 1367 482 1410 545; x_wconf 90' lang='lat' dir='ltr'>ut</span> <span class='ocrx_word' id='word_1_8' title='bbox 1435 463 1543 566; x_wconf 86' lang='lat' dir='ltr'>supra</span> <span class='ocrx_word' id='word_1_9' title='bbox 1555 483 1754 549; x_wconf 83' lang='lat' dir='ltr'>narratum</span> 
     </span>
    </p>
   </div>
   <div class='ocr_carea' id='block_1_2' title="bbox 354 565 1834 3919">
    <p class='ocr_par' dir='ltr' id='par_1_2' title="bbox 354 565 1834 3919">
     <span class='ocr_line' id='line_1_3' title="bbox 420 565 1753 673; baseline -0.002 -23"><span class='ocrx_word' id='word_1_10' title='bbox 420 572 516 669; x_wconf 92' lang='lat' dir='ltr'>uit,</span> <span class='ocrx_word' id='word_1_11' title='bbox 552 572 627 673; x_wconf 87' lang='lat' dir='ltr'>ipsa</span> <span class='ocrx_word' id='word_1_12' title='bbox 654 569 799 669; x_wconf 85' lang='lat' dir='ltr'>juvenis</span> <span class='ocrx_word' id='word_1_13' title='bbox 828 569 1005 669; x_wconf 85' lang='lat' dir='ltr'>juvenem</span> <span class='ocrx_word' id='word_1_14' title='bbox 1033 569 1189 650; x_wconf 88' lang='lat' dir='ltr'>haberet</span> <span class='ocrx_word' id='word_1_15' title='bbox 1221 567 1372 663; x_wconf 86' lang='lat' dir='ltr'>uirum,</span> <span class='ocrx_word' id='word_1_16' title='bbox 1398 565 1490 647; x_wconf 92' lang='lat' dir='ltr'>licet</span> <span class='ocrx_word' id='word_1_17' title='bbox 1516 567 1753 665; x_wconf 81' lang='lat' dir='ltr'>absentem,</span> 
     </span>
     <span class='ocr_line' id='line_1_4' title="bbox 401 668 1749 769; baseline -0.004 -17"><span class='ocrx_word' id='word_1_18' title='bbox 401 673 657 753; x_wconf 87' lang='lat' dir='ltr'>nihilominus</span> <span class='ocrx_word' id='word_1_19' title='bbox 683 696 771 752; x_wconf 87' lang='lat' dir='ltr'>cunr</span> <span class='ocrx_word' id='word_1_20' title='bbox 811 691 916 749; x_wconf 87' lang='lat' dir='ltr'>tanta</span> <span class='ocrx_word' id='word_1_21' title='bbox 942 669 1087 753; x_wconf 74' lang='lat' dir='ltr'>fiducia</span> <span class='ocrx_word' id='word_1_22' title='bbox 1123 668 1292 755; x_wconf 81' lang='lat' dir='ltr'>efficacia</span> <span class='ocrx_word' id='word_1_23' title='bbox 1317 668 1358 747; x_wconf 91' lang='lat' dir='ltr'>in</span> <span class='ocrx_word' id='word_1_24' title='bbox 1391 669 1523 769; x_wconf 92' lang='lat' dir='ltr'>sponso</span> <span class='ocrx_word' id='word_1_25' title='bbox 1549 669 1619 748; x_wconf 90' lang='lat' dir='ltr'>suo</span> <span class='ocrx_word' id='word_1_26' title='bbox 1645 689 1749 748; x_wconf 83' lang='lat' dir='ltr'>aeter-</span> 
     </span>
     <span class='ocr_line' id='line_1_5' title="bbox 401 769 1747 874; baseline -0.004 -21"><span class='ocrx_word' id='word_1_27' title='bbox 401 799 495 870; x_wconf 92' lang='lat' dir='ltr'>no,</span> <span class='ocrx_word' id='word_1_28' title='bbox 531 773 673 853; x_wconf 74' lang='lat' dir='ltr'>diuum</span> <span class='ocrx_word' id='word_1_29' title='bbox 706 771 881 853; x_wconf 89' lang='lat' dir='ltr'>habitum</span> <span class='ocrx_word' id='word_1_30' title='bbox 904 791 1055 874; x_wconf 92' lang='lat' dir='ltr'>propter</span> <span class='ocrx_word' id='word_1_31' title='bbox 1081 795 1250 851; x_wconf 88' lang='lat' dir='ltr'>amorem</span> <span class='ocrx_word' id='word_1_32' title='bbox 1282 770 1389 848; x_wconf 90' lang='lat' dir='ltr'>suum</span> <span class='ocrx_word' id='word_1_33' title='bbox 1419 769 1656 850; x_wconf 88' lang='lat' dir='ltr'>induendum</span> <span class='ocrx_word' id='word_1_34' title='bbox 1684 795 1747 847; x_wconf 87' lang='lat' dir='ltr'>au·</span> 
     </span>
     <span class='ocr_line' id='line_1_6' title="bbox 402 870 1750 979; baseline -0.002 -26"><span class='ocrx_word' id='word_1_35' title='bbox 402 876 559 973; x_wconf 89' lang='lat' dir='ltr'>denter,</span> <span class='ocrx_word' id='word_1_36' title='bbox 585 875 623 954; x_wconf 75' lang='lat'>8&lt;</span> <span class='ocrx_word' id='word_1_37' title='bbox 648 873 938 954; x_wconf 85' lang='lat' dir='ltr'>constantissime</span> <span class='ocrx_word' id='word_1_38' title='bbox 966 870 1110 974; x_wconf 88' lang='lat' dir='ltr'>petiit,</span> <span class='ocrx_word' id='word_1_39' title='bbox 1145 892 1186 951; x_wconf 93' lang='lat' dir='ltr'>ut</span> <span class='ocrx_word' id='word_1_40' title='bbox 1213 872 1257 961; x_wconf 88' lang='lat' dir='ltr'>in</span> <span class='ocrx_word' id='word_1_41' title='bbox 1279 871 1464 979; x_wconf 81' lang='lat' dir='ltr'>Capitulo</span> <span class='ocrx_word' id='word_1_42' title='bbox 1490 870 1662 972; x_wconf 82' lang='lat' dir='ltr'>sequenti</span> <span class='ocrx_word' id='word_1_43' title='bbox 1691 897 1750 972; x_wconf 89' lang='lat' dir='ltr'>pa·</span> 
     </span>
     <span class='ocr_line' id='line_1_7' title="bbox 401 971 1747 1089; baseline -0.003 -34"><span class='ocrx_word' id='word_1_44' title='bbox 401 976 524 1070; x_wconf 79' lang='lat' dir='ltr'>tebit3</span> <span class='ocrx_word' id='word_1_45' title='bbox 548 976 650 1077; x_wconf 92' lang='lat' dir='ltr'>quod</span> <span class='ocrx_word' id='word_1_46' title='bbox 672 1000 806 1055; x_wconf 89' lang='lat' dir='ltr'>omnes</span> <span class='ocrx_word' id='word_1_47' title='bbox 830 977 878 1055; x_wconf 89' lang='lat' dir='ltr'>ad</span> <span class='ocrx_word' id='word_1_48' title='bbox 902 1000 998 1076; x_wconf 89' lang='lat' dir='ltr'>quos</span> <span class='ocrx_word' id='word_1_49' title='bbox 1024 973 1209 1075; x_wconf 69' lang='lat' dir='ltr'>spectabat</span> <span class='ocrx_word' id='word_1_50' title='bbox 1236 971 1397 1089; x_wconf 77' lang='lat' dir='ltr'>idipsupr</span> <span class='ocrx_word' id='word_1_51' title='bbox 1424 975 1633 1053; x_wconf 84' lang='lat' dir='ltr'>concedere</span> <span class='ocrx_word' id='word_1_52' title='bbox 1661 998 1747 1052; x_wconf 88' lang='lat' dir='ltr'>eoa·</span> 
     </span>
     <span class='ocr_line' id='line_1_8' title="bbox 400 1073 1751 1173; baseline -0.003 -17"><span class='ocrx_word' id='word_1_53' title='bbox 400 1075 455 1156; x_wconf 76' lang='lat' dir='ltr'>eri</span> <span class='ocrx_word' id='word_1_54' title='bbox 481 1077 567 1156; x_wconf 87' lang='lat' dir='ltr'>sunt</span> <span class='ocrx_word' id='word_1_55' title='bbox 594 1076 710 1158; x_wconf 84' lang='lat' dir='ltr'>etiam</span> <span class='ocrx_word' id='word_1_56' title='bbox 736 1084 990 1173; x_wconf 79' lang='lat' dir='ltr'>reverenter,</span> <span class='ocrx_word' id='word_1_57' title='bbox 1026 1077 1063 1154; x_wconf 89' lang='lat'>&amp;</span> <span class='ocrx_word' id='word_1_58' title='bbox 1089 1076 1125 1154; x_wconf 92' lang='lat' dir='ltr'>se</span> <span class='ocrx_word' id='word_1_59' title='bbox 1162 1073 1325 1155; x_wconf 90' lang='lat' dir='ltr'>dulciter</span> <span class='ocrx_word' id='word_1_60' title='bbox 1351 1075 1535 1155; x_wconf 81' lang='lat' dir='ltr'>inclinare</span> <span class='ocrx_word' id='word_1_61' title='bbox 1570 1076 1643 1153; x_wconf 84' lang='lat' dir='ltr'>suae</span> <span class='ocrx_word' id='word_1_62' title='bbox 1670 1097 1751 1153; x_wconf 86' lang='lat' dir='ltr'>tarn</span> 
     </span>
     <span class='ocr_line' id='line_1_9' title="bbox 399 1174 1751 1293; baseline -0.001 -38"><span class='ocrx_word' id='word_1_63' title='bbox 399 1177 496 1293; x_wconf 78' lang='lat' dir='ltr'>piar,</span> <span class='ocrx_word' id='word_1_64' title='bbox 520 1204 636 1279; x_wconf 90' lang='lat' dir='ltr'>quarn</span> <span class='ocrx_word' id='word_1_65' title='bbox 663 1178 824 1258; x_wconf 88' lang='lat' dir='ltr'>ferventi</span> <span class='ocrx_word' id='word_1_66' title='bbox 851 1177 1054 1279; x_wconf 79' lang='lat' dir='ltr'>petitioni3</span> <span class='ocrx_word' id='word_1_67' title='bbox 1082 1175 1201 1256; x_wconf 90' lang='lat' dir='ltr'>veluti</span> <span class='ocrx_word' id='word_1_68' title='bbox 1230 1174 1256 1255; x_wconf 85' lang='lat' dir='ltr'>st</span> <span class='ocrx_word' id='word_1_69' title='bbox 1282 1177 1476 1256; x_wconf 82' lang='lat' dir='ltr'>Dominus</span> <span class='ocrx_word' id='word_1_70' title='bbox 1501 1175 1658 1256; x_wconf 73' lang='lat' dir='ltr'>cundlos</span> <span class='ocrx_word' id='word_1_71' title='bbox 1683 1202 1751 1275; x_wconf 88' lang='lat' dir='ltr'>per</span> 
     </span>
     <span class='ocr_line' id='line_1_10' title="bbox 399 1277 1751 1382; baseline -0.001 -25"><span class='ocrx_word' id='word_1_72' title='bbox 399 1280 519 1380; x_wconf 74' lang='lat' dir='ltr'>ipsam</span> <span class='ocrx_word' id='word_1_73' title='bbox 544 1278 666 1360; x_wconf 88' lang='lat' dir='ltr'>suisset</span> <span class='ocrx_word' id='word_1_74' title='bbox 693 1278 940 1382; x_wconf 81' lang='lat' dir='ltr'>imperialiter</span> <span class='ocrx_word' id='word_1_75' title='bbox 965 1278 1185 1358; x_wconf 85' lang='lat' dir='ltr'>allocutus.</span> <span class='ocrx_word' id='word_1_76' title='bbox 1212 1278 1262 1356; x_wconf 84' lang='lat' dir='ltr'>Et</span> <span class='ocrx_word' id='word_1_77' title='bbox 1291 1298 1333 1357; x_wconf 89' lang='lat' dir='ltr'>ut</span> <span class='ocrx_word' id='word_1_78' title='bbox 1360 1277 1486 1379; x_wconf 86' lang='lat' dir='ltr'>paucis</span> <span class='ocrx_word' id='word_1_79' title='bbox 1514 1278 1637 1356; x_wconf 90' lang='lat' dir='ltr'>multa</span> <span class='ocrx_word' id='word_1_80' title='bbox 1660 1305 1751 1356; x_wconf 89' lang='lat' dir='ltr'>con·</span> 
     </span>
     <span class='ocr_line' id='line_1_11' title="bbox 399 1377 1750 1482; baseline -0.001 -23"><span class='ocrx_word' id='word_1_81' title='bbox 399 1379 553 1459; x_wconf 90' lang='lat' dir='ltr'>cludam</span> <span class='ocrx_word' id='word_1_82' title='bbox 582 1405 660 1460; x_wconf 89' lang='lat' dir='ltr'>tarn</span> <span class='ocrx_word' id='word_1_83' title='bbox 687 1404 799 1478; x_wconf 89' lang='lat' dir='ltr'>ante,</span> <span class='ocrx_word' id='word_1_84' title='bbox 824 1380 937 1482; x_wconf 86' lang='lat' dir='ltr'>quam</span> <span class='ocrx_word' id='word_1_85' title='bbox 966 1379 1045 1481; x_wconf 84' lang='lat' dir='ltr'>poll</span> <span class='ocrx_word' id='word_1_86' title='bbox 1070 1377 1162 1459; x_wconf 79' lang='lat' dir='ltr'>diui</span> <span class='ocrx_word' id='word_1_87' title='bbox 1190 1379 1343 1460; x_wconf 87' lang='lat' dir='ltr'>habitus</span> <span class='ocrx_word' id='word_1_88' title='bbox 1367 1378 1680 1480; x_wconf 82' lang='lat' dir='ltr'><strong>susceptionem,</strong></span> <span class='ocrx_word' id='word_1_89' title='bbox 1706 1378 1750 1457; x_wconf 89' lang='lat' dir='ltr'>in</span> 
     </span>
     <span class='ocr_line' id='line_1_12' title="bbox 400 1478 1751 1582; baseline -0.003 -21"><span class='ocrx_word' id='word_1_90' title='bbox 400 1500 554 1561; x_wconf 90' lang='lat' dir='ltr'>tantum</span> <span class='ocrx_word' id='word_1_91' title='bbox 582 1482 764 1563; x_wconf 86' lang='lat' dir='ltr'>continue</span> <span class='ocrx_word' id='word_1_92' title='bbox 790 1481 920 1562; x_wconf 86' lang='lat' dir='ltr'>diuina</span> <span class='ocrx_word' id='word_1_93' title='bbox 947 1480 1104 1561; x_wconf 89' lang='lat' dir='ltr'>caritate</span> <span class='ocrx_word' id='word_1_94' title='bbox 1131 1479 1339 1578; x_wconf 87' lang='lat' dir='ltr'>fervebat,</span> <span class='ocrx_word' id='word_1_95' title='bbox 1374 1481 1476 1582; x_wconf 90' lang='lat' dir='ltr'>quod</span> <span class='ocrx_word' id='word_1_96' title='bbox 1514 1480 1653 1559; x_wconf 87' lang='lat' dir='ltr'>nedum</span> <span class='ocrx_word' id='word_1_97' title='bbox 1681 1478 1751 1558; x_wconf 91' lang='lat' dir='ltr'>srbi</span> 
     </span>
     <span class='ocr_line' id='line_1_13' title="bbox 403 1581 1748 1684; baseline -0.001 -23"><span class='ocrx_word' id='word_1_98' title='bbox 403 1582 629 1681; x_wconf 81' lang='lat' dir='ltr'>possibilia,</span> <span class='ocrx_word' id='word_1_99' title='bbox 665 1583 868 1663; x_wconf 84' lang='lat' dir='ltr'>sedetiam</span> <span class='ocrx_word' id='word_1_100' title='bbox 907 1582 1148 1684; x_wconf 87' lang='lat' dir='ltr'>impossibilia</span> <span class='ocrx_word' id='word_1_101' title='bbox 1174 1602 1366 1684; x_wconf 89' lang='lat' dir='ltr'>appeteret</span> <span class='ocrx_word' id='word_1_102' title='bbox 1393 1581 1564 1683; x_wconf 88' lang='lat' dir='ltr'>prosequi</span> <span class='ocrx_word' id='word_1_103' title='bbox 1592 1601 1748 1682; x_wconf 90' lang='lat' dir='ltr'>propter</span> 
     </span>
     <span class='ocr_line' id='line_1_14' title="bbox 354 1682 1747 1787; baseline 0.004 -27"><span class='ocrx_word' id='word_1_104' title='bbox 354 1708 369 1727; x_wconf 84' lang='lat'><strong>·</strong></span> <span class='ocrx_word' id='word_1_105' title='bbox 406 1682 627 1763; x_wconf 83' lang='lat' dir='ltr'>Chrislum.</span> <span class='ocrx_word' id='word_1_106' title='bbox 654 1685 766 1775; x_wconf 87' lang='lat' dir='ltr'>Unde</span> <span class='ocrx_word' id='word_1_107' title='bbox 793 1710 880 1765; x_wconf 86' lang='lat' dir='ltr'>cunr</span> <span class='ocrx_word' id='word_1_108' title='bbox 892 1685 1022 1787; x_wconf 80' lang='lat' dir='ltr'>sapius</span> <span class='ocrx_word' id='word_1_109' title='bbox 1050 1683 1343 1766; x_wconf 81' lang='lat' dir='ltr'>inConseslrone</span> <span class='ocrx_word' id='word_1_110' title='bbox 1371 1684 1640 1783; x_wconf 89' lang='lat' dir='ltr'>semihisuper</span> <span class='ocrx_word' id='word_1_111' title='bbox 1663 1708 1747 1767; x_wconf 80' lang='lat' dir='ltr'>om·</span> 
     </span>
     <span class='ocr_line' id='line_1_15' title="bbox 401 1780 1751 1887; baseline 0 -25"><span class='ocrx_word' id='word_1_112' title='bbox 401 1808 471 1863; x_wconf 85' lang='lat' dir='ltr'>nes</span> <span class='ocrx_word' id='word_1_113' title='bbox 497 1780 726 1887; x_wconf 73' lang='lat' dir='ltr'>culpabilem</span> <span class='ocrx_word' id='word_1_114' title='bbox 753 1788 977 1866; x_wconf 85' lang='lat' dir='ltr'>acclamaret</span> <span class='ocrx_word' id='word_1_115' title='bbox 1005 1806 1156 1887; x_wconf 90' lang='lat' dir='ltr'>propter</span> <span class='ocrx_word' id='word_1_116' title='bbox 1183 1785 1468 1886; x_wconf 84' lang='lat' dir='ltr'>ingratitudinis</span> <span class='ocrx_word' id='word_1_117' title='bbox 1496 1784 1676 1879; x_wconf 87' lang='lat' dir='ltr'>vitium,</span> <span class='ocrx_word' id='word_1_118' title='bbox 1712 1784 1751 1862; x_wconf 77' lang='lat' dir='ltr'>u</span> 
     </span>
     <span class='ocr_line' id='line_1_16' title="bbox 401 1885 1749 1989; baseline -0.001 -26"><span class='ocrx_word' id='word_1_119' title='bbox 401 1909 609 1983; x_wconf 86' lang='lat' dir='ltr'>quarenon</span> <span class='ocrx_word' id='word_1_120' title='bbox 623 1887 867 1989; x_wconf 85' lang='lat' dir='ltr'>responderet</span> <span class='ocrx_word' id='word_1_121' title='bbox 889 1909 1002 1968; x_wconf 80' lang='lat' dir='ltr'>tantae</span> <span class='ocrx_word' id='word_1_122' title='bbox 1024 1887 1162 1969; x_wconf 80' lang='lat' dir='ltr'>divina</span> <span class='ocrx_word' id='word_1_123' title='bbox 1185 1885 1379 1968; x_wconf 68' lang='lat' dir='ltr'>dileslioni</span> <span class='ocrx_word' id='word_1_124' title='bbox 1399 1887 1504 1983; x_wconf 79' lang='lat' dir='ltr'>juxta</span> <span class='ocrx_word' id='word_1_125' title='bbox 1524 1885 1749 1964; x_wconf 81' lang='lat' dir='ltr'>desrderiunr</span> 
     </span>
     <span class='ocr_line' id='line_1_17' title="bbox 400 1986 1752 2090; baseline 0.001 -28"><span class='ocrx_word' id='word_1_126' title='bbox 400 1986 510 2065; x_wconf 86' lang='lat' dir='ltr'>suum</span> <span class='ocrx_word' id='word_1_127' title='bbox 538 1987 584 2066; x_wconf 89' lang='lat' dir='ltr'>ad</span> <span class='ocrx_word' id='word_1_128' title='bbox 611 1990 800 2090; x_wconf 89' lang='lat' dir='ltr'>plenum,</span> <span class='ocrx_word' id='word_1_129' title='bbox 826 1989 863 2071; x_wconf 78' lang='grc'>8(</span> <span class='ocrx_word' id='word_1_130' title='bbox 890 1990 1095 2070; x_wconf 88' lang='lat' dir='ltr'>secundum</span> <span class='ocrx_word' id='word_1_131' title='bbox 1119 1990 1225 2090; x_wconf 89' lang='lat' dir='ltr'>quod</span> <span class='ocrx_word' id='word_1_132' title='bbox 1250 1989 1387 2068; x_wconf 88' lang='lat' dir='ltr'>debere</span> <span class='ocrx_word' id='word_1_133' title='bbox 1415 1988 1602 2084; x_wconf 81' lang='lat' dir='ltr'>iudicabat</span> <span class='ocrx_word' id='word_1_134' title='bbox 1630 1987 1713 2065; x_wconf 88' lang='lat' dir='ltr'>fieri</span> <span class='ocrx_word' id='word_1_135' title='bbox 1741 2014 1752 2064; x_wconf 89' lang='lat'>:</span> 
     </span>
     <span class='ocr_line' id='line_1_18' title="bbox 401 2086 1751 2192; baseline 0.001 -27"><span class='ocrx_word' id='word_1_136' title='bbox 401 2086 441 2165; x_wconf 80' lang='lat' dir='ltr'>de</span> <span class='ocrx_word' id='word_1_137' title='bbox 466 2112 539 2189; x_wconf 89' lang='lat' dir='ltr'>ego</span> <span class='ocrx_word' id='word_1_138' title='bbox 566 2089 681 2189; x_wconf 88' lang='lat' dir='ltr'>ipsam</span> <span class='ocrx_word' id='word_1_139' title='bbox 710 2091 1005 2192; x_wconf 81' lang='lat' dir='ltr'>interrogarem,</span> <span class='ocrx_word' id='word_1_140' title='bbox 1030 2089 1211 2170; x_wconf 91' lang='lat' dir='ltr'>dicendo:</span> <span class='ocrx_word' id='word_1_141' title='bbox 1239 2089 1440 2189; x_wconf 86' lang='lat' dir='ltr'>Numquid</span> <span class='ocrx_word' id='word_1_142' title='bbox 1463 2115 1540 2170; x_wconf 93' lang='lat' dir='ltr'>non</span> <span class='ocrx_word' id='word_1_143' title='bbox 1564 2115 1603 2168; x_wconf 89' lang='lat' dir='ltr'>es</span> <span class='ocrx_word' id='word_1_144' title='bbox 1627 2109 1671 2166; x_wconf 92' lang='lat' dir='ltr'>tu</span> <span class='ocrx_word' id='word_1_145' title='bbox 1694 2114 1751 2187; x_wconf 83' lang='lat' dir='ltr'>pa·</span> 
     </span>
     <span class='ocr_line' id='line_1_19' title="bbox 395 2190 1749 2295; baseline -0.003 -24"><span class='ocrx_word' id='word_1_146' title='bbox 395 2208 482 2271; x_wconf 81' lang='lat' dir='ltr'>rata</span> <span class='ocrx_word' id='word_1_147' title='bbox 502 2192 549 2269; x_wconf 90' lang='lat' dir='ltr'>ad</span> <span class='ocrx_word' id='word_1_148' title='bbox 575 2190 788 2271; x_wconf 85' lang='lat' dir='ltr'>faciendum</span> <span class='ocrx_word' id='word_1_149' title='bbox 817 2193 947 2273; x_wconf 87' lang='lat' dir='ltr'>omnia</span> <span class='ocrx_word' id='word_1_150' title='bbox 975 2212 1125 2295; x_wconf 88' lang='lat' dir='ltr'>propter</span> <span class='ocrx_word' id='word_1_151' title='bbox 1138 2193 1268 2270; x_wconf 88' lang='lat' dir='ltr'>Deum</span> <span class='ocrx_word' id='word_1_152' title='bbox 1296 2191 1489 2288; x_wconf 85' lang='lat' dir='ltr'>totaliter,</span> <span class='ocrx_word' id='word_1_153' title='bbox 1515 2192 1633 2292; x_wconf 85' lang='lat' dir='ltr'>&amp;pro</span> <span class='ocrx_word' id='word_1_154' title='bbox 1657 2190 1749 2268; x_wconf 80' lang='lat' dir='ltr'>sem-</span> 
     </span>
     <span class='ocr_line' id='line_1_20' title="bbox 399 2291 1747 2394; baseline 0 -25"><span class='ocrx_word' id='word_1_155' title='bbox 399 2314 488 2389; x_wconf 83' lang='lat' dir='ltr'>per:</span> <span class='ocrx_word' id='word_1_156' title='bbox 514 2291 589 2393; x_wconf 89' lang='lat' dir='ltr'>ipsa</span> <span class='ocrx_word' id='word_1_157' title='bbox 615 2292 655 2370; x_wconf 89' lang='lat' dir='ltr'>in</span> <span class='ocrx_word' id='word_1_158' title='bbox 681 2294 903 2376; x_wconf 92' lang='lat' dir='ltr'>columbina</span> <span class='ocrx_word' id='word_1_159' title='bbox 928 2296 991 2373; x_wconf 86' lang='lat' dir='ltr'>sua</span> <span class='ocrx_word' id='word_1_160' title='bbox 1018 2292 1257 2394; x_wconf 79' lang='lat' dir='ltr'>simplicitate</span> <span class='ocrx_word' id='word_1_161' title='bbox 1285 2312 1359 2372; x_wconf 87' lang='lat' dir='ltr'>tam</span> <span class='ocrx_word' id='word_1_162' title='bbox 1384 2315 1595 2394; x_wconf 89' lang='lat' dir='ltr'>prompte,</span> <span class='ocrx_word' id='word_1_163' title='bbox 1631 2316 1747 2392; x_wconf 85' lang='lat' dir='ltr'>quam</span> 
     </span>
     <span class='ocr_line' id='line_1_21' title="bbox 400 2392 1748 2495; baseline 0.004 -29"><span class='ocrx_word' id='word_1_164' title='bbox 400 2392 575 2472; x_wconf 84' lang='lat' dir='ltr'>alacriter</span> <span class='ocrx_word' id='word_1_165' title='bbox 586 2395 856 2493; x_wconf 88' lang='lat' dir='ltr'>respondebat,</span> <span class='ocrx_word' id='word_1_166' title='bbox 882 2395 1032 2477; x_wconf 86' lang='lat' dir='ltr'>dicens:</span> <span class='ocrx_word' id='word_1_167' title='bbox 1061 2395 1244 2474; x_wconf 85' lang='lat' dir='ltr'>Teneatis</span> <span class='ocrx_word' id='word_1_168' title='bbox 1270 2420 1337 2495; x_wconf 90' lang='lat' dir='ltr'>pro</span> <span class='ocrx_word' id='word_1_169' title='bbox 1359 2416 1488 2491; x_wconf 88' lang='lat' dir='ltr'>certo,</span> <span class='ocrx_word' id='word_1_170' title='bbox 1514 2419 1598 2474; x_wconf 86' lang='lat' dir='ltr'>care</span> <span class='ocrx_word' id='word_1_171' title='bbox 1614 2395 1748 2489; x_wconf 87' lang='lat' dir='ltr'>Pater,</span> 
     </span>
     <span class='ocr_line' id='line_1_22' title="bbox 398 2493 1834 2597; baseline 0.003 -30"><span class='ocrx_word' id='word_1_172' title='bbox 398 2493 500 2589; x_wconf 86' lang='lat' dir='ltr'>quod</span> <span class='ocrx_word' id='word_1_173' title='bbox 526 2493 595 2574; x_wconf 87' lang='lat' dir='ltr'>fic:</span> <span class='ocrx_word' id='word_1_174' title='bbox 624 2496 674 2575; x_wconf 88' lang='lat' dir='ltr'>Et</span> <span class='ocrx_word' id='word_1_175' title='bbox 703 2498 798 2575; x_wconf 90' lang='lat' dir='ltr'>bene</span> <span class='ocrx_word' id='word_1_176' title='bbox 827 2498 900 2576; x_wconf 90' lang='lat' dir='ltr'>hoc</span> <span class='ocrx_word' id='word_1_177' title='bbox 927 2498 1002 2597; x_wconf 86' lang='lat' dir='ltr'>ipse</span> <span class='ocrx_word' id='word_1_178' title='bbox 1026 2495 1159 2590; x_wconf 89' lang='lat' dir='ltr'>novit,</span> <span class='ocrx_word' id='word_1_179' title='bbox 1185 2499 1287 2597; x_wconf 91' lang='lat' dir='ltr'>quod</span> <span class='ocrx_word' id='word_1_180' title='bbox 1315 2496 1355 2574; x_wconf 90' lang='lat' dir='ltr'>in</span> <span class='ocrx_word' id='word_1_181' title='bbox 1382 2517 1508 2576; x_wconf 91' lang='lat' dir='ltr'>toturn</span> <span class='ocrx_word' id='word_1_182' title='bbox 1530 2549 1543 2592; x_wconf 91' lang='lat'>,</span> <span class='ocrx_word' id='word_1_183' title='bbox 1568 2495 1607 2573; x_wconf 69' lang='lat' dir='ltr'>a&lt;</span> <span class='ocrx_word' id='word_1_184' title='bbox 1635 2496 1742 2595; x_wconf 91' lang='lat' dir='ltr'>supet</span> <span class='ocrx_word' id='word_1_185' title='bbox 1830 2566 1834 2571; x_wconf 84' lang='lat'><em>.</em></span> 
     </span>
     <span class='ocr_line' id='line_1_23' title="bbox 399 2594 1747 2698; baseline 0.003 -27"><span class='ocrx_word' id='word_1_186' title='bbox 399 2611 527 2671; x_wconf 89' lang='lat' dir='ltr'>totum</span> <span class='ocrx_word' id='word_1_187' title='bbox 554 2619 596 2673; x_wconf 85' lang='lat' dir='ltr'>ac</span> <span class='ocrx_word' id='word_1_188' title='bbox 625 2596 818 2693; x_wconf 88' lang='lat' dir='ltr'>totaliter,</span> <span class='ocrx_word' id='word_1_189' title='bbox 843 2597 881 2677; x_wconf 78' lang='grc' dir='ltr'>δι</span> <span class='ocrx_word' id='word_1_190' title='bbox 908 2624 976 2698; x_wconf 90' lang='lat' dir='ltr'>pro</span> <span class='ocrx_word' id='word_1_191' title='bbox 1002 2599 1146 2697; x_wconf 89' lang='lat' dir='ltr'>semper</span> <span class='ocrx_word' id='word_1_192' title='bbox 1173 2618 1299 2696; x_wconf 84' lang='lat' dir='ltr'>parata</span> <span class='ocrx_word' id='word_1_193' title='bbox 1326 2598 1406 2676; x_wconf 92' lang='lat' dir='ltr'>sum</span> <span class='ocrx_word' id='word_1_194' title='bbox 1435 2599 1481 2676; x_wconf 92' lang='lat' dir='ltr'>ad</span> <span class='ocrx_word' id='word_1_195' title='bbox 1505 2594 1636 2675; x_wconf 87' lang='lat' dir='ltr'>omnia</span> <span class='ocrx_word' id='word_1_196' title='bbox 1666 2622 1747 2695; x_wconf 92' lang='lat' dir='ltr'>pro·</span> 
     </span>
     <span class='ocr_line' id='line_1_24' title="bbox 398 2694 1748 2807; baseline 0.007 -38"><span class='ocrx_word' id='word_1_197' title='bbox 398 2712 482 2807; x_wconf 83' lang='lat' dir='ltr'>pter</span> <span class='ocrx_word' id='word_1_198' title='bbox 508 2694 665 2796; x_wconf 91' lang='lat' dir='ltr'>ipsum.</span> <span class='ocrx_word' id='word_1_199' title='bbox 704 2701 833 2797; x_wconf 83' lang='lat' dir='ltr'>Quem</span> <span class='ocrx_word' id='word_1_200' title='bbox 861 2700 1040 2801; x_wconf 91' lang='lat' dir='ltr'>loquendi</span> <span class='ocrx_word' id='word_1_201' title='bbox 1068 2698 1226 2777; x_wconf 89' lang='lat' dir='ltr'>modum</span> <span class='ocrx_word' id='word_1_202' title='bbox 1253 2724 1340 2777; x_wconf 90' lang='lat' dir='ltr'>cum</span> <span class='ocrx_word' id='word_1_203' title='bbox 1369 2725 1390 2777; x_wconf 91' lang='lat' dir='ltr'>a</span> <span class='ocrx_word' id='word_1_204' title='bbox 1418 2724 1480 2777; x_wconf 91' lang='lat' dir='ltr'>me</span> <span class='ocrx_word' id='word_1_205' title='bbox 1506 2699 1547 2776; x_wconf 92' lang='lat' dir='ltr'>in</span> <span class='ocrx_word' id='word_1_206' title='bbox 1574 2699 1748 2799; x_wconf 73' lang='lat' dir='ltr'>praedica</span> 
     </span>
     <span class='ocr_line' id='line_1_25' title="bbox 398 2795 1749 2903; baseline 0.004 -32"><span class='ocrx_word' id='word_1_207' title='bbox 398 2795 572 2875; x_wconf 72' lang='lat' dir='ltr'>tionibus</span> <span class='ocrx_word' id='word_1_208' title='bbox 595 2798 725 2898; x_wconf 87' lang='lat' dir='ltr'>saepius</span> <span class='ocrx_word' id='word_1_209' title='bbox 761 2800 956 2897; x_wconf 87' lang='lat' dir='ltr'>audisset,</span> <span class='ocrx_word' id='word_1_210' title='bbox 990 2801 1141 2903; x_wconf 91' lang='lat' dir='ltr'>quando</span> <span class='ocrx_word' id='word_1_211' title='bbox 1169 2825 1231 2877; x_wconf 89' lang='lat' dir='ltr'>me</span> <span class='ocrx_word' id='word_1_212' title='bbox 1256 2799 1469 2900; x_wconf 82' lang='lat' dir='ltr'>contigisset</span> <span class='ocrx_word' id='word_1_213' title='bbox 1496 2800 1749 2901; x_wconf 86' lang='lat' dir='ltr'>exprimere,</span> 
     </span>
     <span class='ocr_line' id='line_1_26' title="bbox 398 2898 1747 3002; baseline 0.004 -28"><span class='ocrx_word' id='word_1_214' title='bbox 398 2920 514 2995; x_wconf 88' lang='lat' dir='ltr'>quarn</span> <span class='ocrx_word' id='word_1_215' title='bbox 542 2898 852 3002; x_wconf 65' lang='lat' dir='ltr'>discernatque</span> <span class='ocrx_word' id='word_1_216' title='bbox 878 2902 1001 2982; x_wconf 88' lang='lat' dir='ltr'>fidelis</span> <span class='ocrx_word' id='word_1_217' title='bbox 1027 2901 1153 2980; x_wconf 87' lang='lat' dir='ltr'>anima</span> <span class='ocrx_word' id='word_1_218' title='bbox 1189 2900 1234 2979; x_wconf 89' lang='lat' dir='ltr'>ad</span> <span class='ocrx_word' id='word_1_219' title='bbox 1259 2899 1395 2980; x_wconf 76' lang='lat' dir='ltr'>cundia</span> <span class='ocrx_word' id='word_1_220' title='bbox 1422 2903 1534 2980; x_wconf 89' lang='lat' dir='ltr'>debet</span> <span class='ocrx_word' id='word_1_221' title='bbox 1561 2903 1632 2980; x_wconf 85' lang='lat' dir='ltr'>esse</span> <span class='ocrx_word' id='word_1_222' title='bbox 1660 2927 1747 3002; x_wconf 81' lang='lat' dir='ltr'>prat-</span> 
     </span>
     <span class='ocr_line' id='line_1_27' title="bbox 397 3001 1749 3184; baseline 0.004 -108"><span class='ocrx_word' id='word_1_223' title='bbox 397 3018 665 3111; x_wconf 73' lang='lat' dir='ltr'>paratamque</span> <span class='ocrx_word' id='word_1_224' title='bbox 690 3001 861 3104; x_wconf 87' lang='lat' dir='ltr'>disposita</span> <span class='ocrx_word' id='word_1_225' title='bbox 879 3023 1037 3184; x_wconf 62' lang='lat' dir='ltr'>6propter</span> <span class='ocrx_word' id='word_1_226' title='bbox 1064 3005 1227 3098; x_wconf 90' lang='lat' dir='ltr'>Deum,</span> <span class='ocrx_word' id='word_1_227' title='bbox 1253 3002 1290 3081; x_wconf 71' lang='lat'>8&lt;</span> <span class='ocrx_word' id='word_1_228' title='bbox 1316 3004 1489 3104; x_wconf 88' lang='lat' dir='ltr'>sponsum</span> <span class='ocrx_word' id='word_1_229' title='bbox 1517 3004 1623 3081; x_wconf 72' lang='lat' dir='ltr'>surm]</span> <span class='ocrx_word' id='word_1_230' title='bbox 1651 3057 1666 3098; x_wconf 95' lang='lat'>,</span> <span class='ocrx_word' id='word_1_231' title='bbox 1693 3003 1749 3082; x_wconf 88' lang='lat' dir='ltr'>ira</span> 
     </span>
     <span class='ocr_line' id='line_1_28' title="bbox 396 3099 1751 3203; baseline 0.003 -28"><span class='ocrx_word' id='word_1_232' title='bbox 396 3099 519 3197; x_wconf 80' lang='lat' dir='ltr'>ipsum</span> <span class='ocrx_word' id='word_1_233' title='bbox 546 3122 714 3200; x_wconf 87' lang='lat' dir='ltr'>totum,</span> <span class='ocrx_word' id='word_1_234' title='bbox 749 3106 812 3184; x_wconf 90' lang='lat' dir='ltr'>seu</span> <span class='ocrx_word' id='word_1_235' title='bbox 838 3106 877 3182; x_wconf 88' lang='lat' dir='ltr'>di</span> <span class='ocrx_word' id='word_1_236' title='bbox 917 3131 942 3194; x_wconf 75' lang='lat' dir='ltr'>a¹</span> <span class='ocrx_word' id='word_1_237' title='bbox 974 3104 1143 3197; x_wconf 85' lang='lat' dir='ltr'>totalitas</span> <span class='ocrx_word' id='word_1_238' title='bbox 1170 3106 1242 3183; x_wconf 78' lang='lat' dir='ltr'>sua</span> <span class='ocrx_word' id='word_1_239' title='bbox 1278 3104 1404 3193; x_wconf 87' lang='lat' dir='ltr'>menti</span> <span class='ocrx_word' id='word_1_240' title='bbox 1429 3104 1703 3203; x_wconf 81' lang='lat' dir='ltr'>eratimpresla</span> <span class='ocrx_word' id='word_1_241' title='bbox 1725 3156 1751 3200; x_wconf 84' lang='lat'>-‚</span> 
     </span>
     <span class='ocr_line' id='line_1_29' title="bbox 397 3200 1751 3317; baseline 0.004 -39"><span class='ocrx_word' id='word_1_242' title='bbox 397 3200 499 3300; x_wconf 92' lang='lat' dir='ltr'>quod</span> <span class='ocrx_word' id='word_1_243' title='bbox 516 3226 572 3317; x_wconf 31' lang='lat' dir='ltr'>‘ert</span> <span class='ocrx_word' id='word_1_244' title='bbox 599 3203 780 3283; x_wconf 79' lang='lat' dir='ltr'>desiderio</span> <span class='ocrx_word' id='word_1_245' title='bbox 806 3204 854 3285; x_wconf 85' lang='lat' dir='ltr'>stc</span> <span class='ocrx_word' id='word_1_246' title='bbox 879 3207 1064 3307; x_wconf 89' lang='lat' dir='ltr'>implendi</span> <span class='ocrx_word' id='word_1_247' title='bbox 1102 3206 1240 3284; x_wconf 77' lang='lat' dir='ltr'>divina</span> <span class='ocrx_word' id='word_1_248' title='bbox 1267 3205 1484 3303; x_wconf 66' lang='lat' dir='ltr'>disesiionis</span> <span class='ocrx_word' id='word_1_249' title='bbox 1519 3225 1751 3307; x_wconf 77' lang='lat' dir='ltr'>preceptum</span> 
     </span>
     <span class='ocr_line' id='line_1_30' title="bbox 396 3305 1751 3407; baseline 0.005 -27"><span class='ocrx_word' id='word_1_250' title='bbox 396 3327 485 3380; x_wconf 90' lang='lat' dir='ltr'>cum</span> <span class='ocrx_word' id='word_1_251' title='bbox 514 3305 699 3384; x_wconf 79' lang='lat' dir='ltr'>immensa</span> <span class='ocrx_word' id='word_1_252' title='bbox 721 3305 883 3403; x_wconf 83' lang='lat' dir='ltr'>mentis,</span> <span class='ocrx_word' id='word_1_253' title='bbox 909 3307 1082 3390; x_wconf 86' lang='lat' dir='ltr'>&amp;cordis</span> <span class='ocrx_word' id='word_1_254' title='bbox 1108 3306 1301 3407; x_wconf 85' lang='lat' dir='ltr'>alacritate</span> <span class='ocrx_word' id='word_1_255' title='bbox 1323 3305 1430 3385; x_wconf 72' lang='lat' dir='ltr'>disla</span> <span class='ocrx_word' id='word_1_256' title='bbox 1457 3307 1751 3393; x_wconf 84' lang='lat' dir='ltr'>totalitatismo-</span> 
     </span>
     <span class='ocr_line' id='line_1_31' title="bbox 397 3402 1750 3516; baseline 0.008 -38"><span class='ocrx_word' id='word_1_257' title='bbox 397 3402 514 3516; x_wconf 82' lang='lat' dir='ltr'>dum,</span> <span class='ocrx_word' id='word_1_258' title='bbox 540 3403 657 3483; x_wconf 85' lang='lat' dir='ltr'>etiam</span> <span class='ocrx_word' id='word_1_259' title='bbox 684 3408 881 3487; x_wconf 85' lang='lat' dir='ltr'>multoties</span> <span class='ocrx_word' id='word_1_260' title='bbox 908 3432 1088 3489; x_wconf 87' lang='lat' dir='ltr'>oretenus</span> <span class='ocrx_word' id='word_1_261' title='bbox 1113 3408 1293 3511; x_wconf 84' lang='lat' dir='ltr'>replicare</span> <span class='ocrx_word' id='word_1_262' title='bbox 1319 3409 1461 3489; x_wconf 86' lang='lat' dir='ltr'>solebat</span> <span class='ocrx_word' id='word_1_263' title='bbox 1483 3438 1504 3504; x_wconf 66' lang='lat'>,‘</span> <span class='ocrx_word' id='word_1_264' title='bbox 1521 3435 1598 3488; x_wconf 90' lang='lat' dir='ltr'>non</span> <span class='ocrx_word' id='word_1_265' title='bbox 1625 3409 1750 3489; x_wconf 80' lang='lat' dir='ltr'>solun</span> 
     </span>
     <span class='ocr_line' id='line_1_32' title="bbox 396 3506 1752 3613; baseline 0.007 -33"><span class='ocrx_word' id='word_1_266' title='bbox 396 3523 498 3582; x_wconf 82' lang='lat' dir='ltr'>inter</span> <span class='ocrx_word' id='word_1_267' title='bbox 523 3529 613 3603; x_wconf 83' lang='lat' dir='ltr'>me,</span> <span class='ocrx_word' id='word_1_268' title='bbox 635 3506 672 3585; x_wconf 79' lang='lat' dir='ltr'>dr</span> <span class='ocrx_word' id='word_1_269' title='bbox 695 3508 835 3610; x_wconf 88' lang='lat' dir='ltr'>ipsam,</span> <span class='ocrx_word' id='word_1_270' title='bbox 860 3509 922 3589; x_wconf 84' lang='lat' dir='ltr'>led</span> <span class='ocrx_word' id='word_1_271' title='bbox 949 3512 1073 3590; x_wconf 84' lang='lat' dir='ltr'>adhuc</span> <span class='ocrx_word' id='word_1_272' title='bbox 1099 3510 1140 3588; x_wconf 93' lang='lat' dir='ltr'>in</span> <span class='ocrx_word' id='word_1_273' title='bbox 1167 3510 1360 3613; x_wconf 82' lang='lat' dir='ltr'>prasentia</span> <span class='ocrx_word' id='word_1_274' title='bbox 1382 3511 1565 3589; x_wconf 90' lang='lat' dir='ltr'>aliorum.</span> <span class='ocrx_word' id='word_1_275' title='bbox 1593 3512 1656 3590; x_wconf 85' lang='lat' dir='ltr'>Ex</span> <span class='ocrx_word' id='word_1_276' title='bbox 1679 3510 1752 3589; x_wconf 89' lang='lat' dir='ltr'>hoc</span> 
     </span>
     <span class='ocr_line' id='line_1_33' title="bbox 394 3605 1749 3719; baseline 0.007 -37"><span class='ocrx_word' id='word_1_277' title='bbox 394 3605 643 3719; x_wconf 78' lang='lat' dir='ltr'>proveniebat</span> <span class='ocrx_word' id='word_1_278' title='bbox 669 3612 772 3710; x_wconf 91' lang='lat' dir='ltr'>quod</span> <span class='ocrx_word' id='word_1_279' title='bbox 799 3610 877 3713; x_wconf 86' lang='lat' dir='ltr'>ipsa</span> <span class='ocrx_word' id='word_1_280' title='bbox 905 3611 1004 3691; x_wconf 92' lang='lat' dir='ltr'>ultra</span> <span class='ocrx_word' id='word_1_281' title='bbox 1030 3611 1338 3712; x_wconf 79' lang='lat' dir='ltr'>contemplativa</span> <span class='ocrx_word' id='word_1_282' title='bbox 1361 3610 1449 3692; x_wconf 78' lang='lat' dir='ltr'>vita</span> <span class='ocrx_word' id='word_1_283' title='bbox 1476 3613 1685 3713; x_wconf 87' lang='lat' dir='ltr'>obsequia,</span> <span class='ocrx_word' id='word_1_284' title='bbox 1706 3637 1749 3691; x_wconf 83' lang='lat' dir='ltr'>ac</span> 
     </span>
     <span class='ocr_line' id='line_1_34' title="bbox 398 3705 1753 3821; baseline 0.006 -38"><span class='ocrx_word' id='word_1_285' title='bbox 398 3705 624 3821; x_wconf 76' lang='lat' dir='ltr'>admirandae</span> <span class='ocrx_word' id='word_1_286' title='bbox 650 3712 723 3791; x_wconf 78' lang='lat' dir='ltr'>suae</span> <span class='ocrx_word' id='word_1_287' title='bbox 752 3710 987 3812; x_wconf 85' lang='lat' dir='ltr'>poenitentia</span> <span class='ocrx_word' id='word_1_288' title='bbox 1018 3714 1237 3810; x_wconf 81' lang='lat' dir='ltr'>exercitia,</span> <span class='ocrx_word' id='word_1_289' title='bbox 1273 3713 1390 3792; x_wconf 86' lang='lat' dir='ltr'>etiam</span> <span class='ocrx_word' id='word_1_290' title='bbox 1430 3714 1502 3792; x_wconf 84' lang='lat' dir='ltr'>alia</span> <span class='ocrx_word' id='word_1_291' title='bbox 1528 3712 1753 3816; x_wconf 79' lang='lat' dir='ltr'>quaeritabat</span> 
     </span>
     <span class='ocr_line' id='line_1_35' title="bbox 396 3809 1755 3919; baseline 0.007 -36"><span class='ocrx_word' id='word_1_292' title='bbox 396 3829 500 3919; x_wconf 88' lang='lat' dir='ltr'>patr,</span> <span class='ocrx_word' id='word_1_293' title='bbox 527 3809 564 3888; x_wconf 74' lang='grc'>8(</span> <span class='ocrx_word' id='word_1_294' title='bbox 593 3810 712 3891; x_wconf 85' lang='lat' dir='ltr'>facere</span> <span class='ocrx_word' id='word_1_295' title='bbox 749 3834 901 3912; x_wconf 91' lang='lat' dir='ltr'>propter</span> <span class='ocrx_word' id='word_1_296' title='bbox 928 3815 1126 3895; x_wconf 87' lang='lat' dir='ltr'>Christum</span> <span class='ocrx_word' id='word_1_297' title='bbox 1154 3873 1163 3893; x_wconf 89' lang='lat'><strong>.</strong></span> <span class='ocrx_word' id='word_1_298' title='bbox 1203 3816 1312 3894; x_wconf 88' lang='lat' dir='ltr'>Unde</span> <span class='ocrx_word' id='word_1_299' title='bbox 1339 3841 1429 3895; x_wconf 88' lang='lat' dir='ltr'>cum</span> <span class='ocrx_word' id='word_1_300' title='bbox 1456 3816 1580 3895; x_wconf 91' lang='lat' dir='ltr'>eidem</span> <span class='ocrx_word' id='word_1_301' title='bbox 1607 3814 1755 3918; x_wconf 81' lang='lat' dir='ltr'>quaevis</span> 
     </span>
    </p>
   </div>
   <div class='ocr_carea' id='block_1_3' title="bbox 261 3907 1753 4019">
    <p class='ocr_par' dir='ltr' id='par_1_3' title="bbox 261 3907 1753 4019">
     <span class='ocr_line' id='line_1_36' title="bbox 261 3907 1753 4019; baseline 0.008 -36"><span class='ocrx_word' id='word_1_302' title='bbox 261 3958 264 3967; x_wconf 36' lang='grc' dir='ltr'><em>ι</em></span> <span class='ocrx_word' id='word_1_303' title='bbox 396 3907 854 4012; x_wconf 84' lang='lat' dir='ltr'>rnfirmitas&#39;advenilset,</span> <span class='ocrx_word' id='word_1_304' title='bbox 879 3915 933 3994; x_wconf 88' lang='lat' dir='ltr'>ita</span> <span class='ocrx_word' id='word_1_305' title='bbox 961 3917 1128 4013; x_wconf 88' lang='lat' dir='ltr'>ridebat,</span> <span class='ocrx_word' id='word_1_306' title='bbox 1154 3942 1198 3997; x_wconf 89' lang='lat' dir='ltr'>ac</span> <span class='ocrx_word' id='word_1_307' title='bbox 1225 3918 1445 4014; x_wconf 74' lang='lat' dir='ltr'>letabatur,</span> <span class='ocrx_word' id='word_1_308' title='bbox 1473 3916 1565 3996; x_wconf 88' lang='lat' dir='ltr'>srcut</span> <span class='ocrx_word' id='word_1_309' title='bbox 1592 3917 1659 4019; x_wconf 89' lang='lat' dir='ltr'>qui</span> <span class='ocrx_word' id='word_1_310' title='bbox 1688 3920 1753 3995; x_wconf 91' lang='lat' dir='ltr'>bo·</span> 
     </span>
    </p>
   </div>
   <div class='ocr_carea' id='block_1_4' title="bbox 394 4012 1754 4334">
    <p class='ocr_par' dir='ltr' id='par_1_4' title="bbox 394 4012 1754 4334">
     <span class='ocr_line' id='line_1_37' title="bbox 394 4012 1753 4114; baseline 0.008 -29"><span class='ocrx_word' id='word_1_311' title='bbox 394 4033 489 4088; x_wconf 91' lang='lat' dir='ltr'>num</span> <span class='ocrx_word' id='word_1_312' title='bbox 517 4012 698 4092; x_wconf 86' lang='lat' dir='ltr'>nuntium</span> <span class='ocrx_word' id='word_1_313' title='bbox 725 4016 856 4108; x_wconf 87' lang='lat' dir='ltr'>audit,</span> <span class='ocrx_word' id='word_1_314' title='bbox 880 4019 1025 4098; x_wconf 89' lang='lat' dir='ltr'>multos</span> <span class='ocrx_word' id='word_1_315' title='bbox 1051 4019 1243 4097; x_wconf 84' lang='lat' dir='ltr'>thesauros</span> <span class='ocrx_word' id='word_1_316' title='bbox 1270 4019 1491 4114; x_wconf 81' lang='lat' dir='ltr'>adinvenit,</span> <span class='ocrx_word' id='word_1_317' title='bbox 1519 4040 1584 4097; x_wconf 86' lang='lat' dir='ltr'>ant</span> <span class='ocrx_word' id='word_1_318' title='bbox 1613 4018 1753 4114; x_wconf 90' lang='lat' dir='ltr'>videt,</span> 
     </span>
     <span class='ocr_line' id='line_1_38' title="bbox 396 4109 1754 4224; baseline 0.01 -39"><span class='ocrx_word' id='word_1_319' title='bbox 396 4109 503 4224; x_wconf 87' lang='lat' dir='ltr'>quod</span> <span class='ocrx_word' id='word_1_320' title='bbox 525 4137 547 4191; x_wconf 90' lang='lat' dir='ltr'>a</span> <span class='ocrx_word' id='word_1_321' title='bbox 573 4113 638 4192; x_wconf 91' lang='lat' dir='ltr'>diu</span> <span class='ocrx_word' id='word_1_322' title='bbox 667 4114 925 4196; x_wconf 78' lang='lat' dir='ltr'>desiderauit.</span> <span class='ocrx_word' id='word_1_323' title='bbox 963 4119 1156 4222; x_wconf 81' lang='lat' dir='ltr'>Quinimo</span> <span class='ocrx_word' id='word_1_324' title='bbox 1182 4118 1368 4197; x_wconf 84' lang='lat' dir='ltr'>tellificuri</span> <span class='ocrx_word' id='word_1_325' title='bbox 1396 4146 1523 4200; x_wconf 89' lang='lat' dir='ltr'>coram</span> <span class='ocrx_word' id='word_1_326' title='bbox 1555 4119 1678 4215; x_wconf 90' lang='lat' dir='ltr'>Deo,</span> <span class='ocrx_word' id='word_1_327' title='bbox 1716 4119 1754 4199; x_wconf 76' lang='lat'>8&lt;</span> 
     </span>
     <span class='ocr_line' id='line_1_39' title="bbox 396 4208 1754 4334; baseline 0.01 -45"><span class='ocrx_word' id='word_1_328' title='bbox 396 4208 995 4334; x_wconf 25' lang='lat' dir='ltr'>hominibusveridiceopossum,</span> <span class='ocrx_word' id='word_1_329' title='bbox 1020 4225 1326 4321; x_wconf 89' lang='lat' dir='ltr'>quodnunquam</span> <span class='ocrx_word' id='word_1_330' title='bbox 1355 4221 1468 4323; x_wconf 90' lang='lat' dir='ltr'>ipsam</span> <span class='ocrx_word' id='word_1_331' title='bbox 1483 4222 1535 4301; x_wconf 89' lang='lat' dir='ltr'>ita</span> <span class='ocrx_word' id='word_1_332' title='bbox 1562 4224 1754 4320; x_wconf 85' lang='lat' dir='ltr'>alacrem,</span> 
     </span>
    </p>
   </div>
   <div class='ocr_carea' id='block_1_5' title="bbox 391 4309 1753 4505">
    <p class='ocr_par' dir='ltr' id='par_1_5' title="bbox 391 4309 1753 4505">
     <span class='ocr_line' id='line_1_40' title="bbox 391 4309 1753 4505; baseline 0.011 -115"><span class='ocrx_word' id='word_1_333' title='bbox 391 4309 435 4390; x_wconf 80' lang='lat' dir='ltr'>dt</span> <span class='ocrx_word' id='word_1_334' title='bbox 460 4311 665 4410; x_wconf 82' lang='lat' dir='ltr'>jucundam</span> <span class='ocrx_word' id='word_1_335' title='bbox 691 4317 823 4401; x_wconf 84' lang='lat' dir='ltr'>inreut</span> <span class='ocrx_word' id='word_1_336' title='bbox 850 4374 864 4418; x_wconf 87' lang='lat'>,</span> <span class='ocrx_word' id='word_1_337' title='bbox 890 4318 983 4402; x_wconf 73' lang='lat' dir='ltr'>sicut</span> <span class='ocrx_word' id='word_1_338' title='bbox 1009 4324 1160 4427; x_wconf 83' lang='lat' dir='ltr'>quando</span> <span class='ocrx_word' id='word_1_339' title='bbox 1187 4323 1312 4425; x_wconf 79' lang='lat' dir='ltr'>aliqua</span> <span class='ocrx_word' id='word_1_340' title='bbox 1339 4323 1504 4423; x_wconf 78' lang='lat' dir='ltr'>cujusvis</span> <span class='ocrx_word' id='word_1_341' title='bbox 1530 4324 1671 4505; x_wconf 56' lang='lat' dir='ltr'>species}</span> <span class='ocrx_word' id='word_1_342' title='bbox 1700 4324 1753 4405; x_wconf 79' lang='lat' dir='ltr'>in</span> 
     </span>
     <span class='ocr_line' id='line_1_41' title="bbox 1674 4452 1703 4505; baseline 0 -18"><span class='ocrx_word' id='word_1_343' title='bbox 1674 4452 1703 4505; x_wconf 71' lang='grc' dir='ltr'>ι’.</span> 
     </span>
    </p>
   </div>
   <div class='ocr_carea' id='block_1_6' title="bbox 0 0 1904 5342">
    <p class='ocr_par' dir='ltr' id='par_1_6' title="bbox 0 0 1904 5342">
     <span class='ocr_line' id='line_1_42' title="bbox 0 0 1904 5342; baseline 0 0"><span class='ocrx_word' id='word_1_344' title='bbox 0 0 1904 5342; x_wconf 95' lang='lat' dir='ltr'> </span> 
     </span>
    </p>
   </div>
  </div>
 </body>
</html>
