<?xml version="1.0" encoding="UTF-8"?>
<!DOCTYPE html PUBLIC "-//W3C//DTD XHTML 1.0 Transitional//EN"
    "http://www.w3.org/TR/xhtml1/DTD/xhtml1-transitional.dtd">
<html xmlns="http://www.w3.org/1999/xhtml" xml:lang="en" lang="en">
 <head>
  <title>
</title>
<meta http-equiv="Content-Type" content="text/html;charset=utf-8" />
  <meta name='ocr-system' content='tesseract 3.04.00' />
  <meta name='ocr-capabilities' content='ocr_page ocr_carea ocr_par ocr_line ocrx_word'/>
</head>
<body>
  <div class='ocr_page' id='page_1' title='image "./ecclesiaeveneta01pasqgoog_0246.png"; bbox 0 0 3800 5342; ppageno 0'>
   <div class='ocr_carea' id='block_1_1' title="bbox 411 368 1765 592">
    <p class='ocr_par' dir='ltr' id='par_1_1' title="bbox 411 368 1765 592">
     <span class='ocr_line' id='line_1_1' title="bbox 478 368 564 449; baseline -0.035 -25"><span class='ocrx_word' id='word_1_1' title='bbox 478 368 564 449; x_wconf 85' lang='lat'>230</span> 
     </span>
     <span class='ocr_line' id='line_1_2' title="bbox 411 482 1765 592; baseline -0.002 -20"><span class='ocrx_word' id='word_1_2' title='bbox 411 491 525 574; x_wconf 77' lang='lat' dir='ltr'>sonis</span> <span class='ocrx_word' id='word_1_3' title='bbox 552 491 744 575; x_wconf 87' lang='lat' dir='ltr'>occasione</span> <span class='ocrx_word' id='word_1_4' title='bbox 771 489 944 571; x_wconf 88' lang='lat' dir='ltr'>obtinere</span> <span class='ocrx_word' id='word_1_5' title='bbox 970 490 1085 592; x_wconf 83' lang='lat' dir='ltr'>posset</span> <span class='ocrx_word' id='word_1_6' title='bbox 1110 486 1304 569; x_wconf 87' lang='lat' dir='ltr'>intentum</span> <span class='ocrx_word' id='word_1_7' title='bbox 1330 546 1340 565; x_wconf 91' lang='lat'><strong><em>.</em></strong></span> <span class='ocrx_word' id='word_1_8' title='bbox 1376 488 1429 567; x_wconf 84' lang='lat' dir='ltr'>Et</span> <span class='ocrx_word' id='word_1_9' title='bbox 1455 482 1503 569; x_wconf 82' lang='lat' dir='ltr'>sie</span> <span class='ocrx_word' id='word_1_10' title='bbox 1533 485 1675 568; x_wconf 73' lang='lat' dir='ltr'>sedium</span> <span class='ocrx_word' id='word_1_11' title='bbox 1699 482 1765 569; x_wconf 70' lang='lat' dir='ltr'>est</span> 
     </span>
    </p>
   </div>
   <div class='ocr_carea' id='block_1_2' title="bbox 281 590 1763 694">
    <p class='ocr_par' dir='ltr' id='par_1_2' title="bbox 281 590 1763 694">
     <span class='ocr_line' id='line_1_3' title="bbox 281 590 1763 694; baseline 0 -21"><span class='ocrx_word' id='word_1_12' title='bbox 281 593 283 598; x_wconf 72' lang='grc'><strong>’</strong></span> <span class='ocrx_word' id='word_1_13' title='bbox 411 594 630 689; x_wconf 91' lang='lat' dir='ltr'>intantum,</span> <span class='ocrx_word' id='word_1_14' title='bbox 658 613 699 672; x_wconf 90' lang='lat' dir='ltr'>ut</span> <span class='ocrx_word' id='word_1_15' title='bbox 726 616 773 671; x_wconf 87' lang='lat' dir='ltr'>ex</span> <span class='ocrx_word' id='word_1_16' title='bbox 800 614 891 671; x_wconf 90' lang='lat' dir='ltr'>tunc</span> <span class='ocrx_word' id='word_1_17' title='bbox 918 616 1111 694; x_wconf 92' lang='lat' dir='ltr'>nunquam</span> <span class='ocrx_word' id='word_1_18' title='bbox 1131 591 1381 670; x_wconf 86' lang='lat' dir='ltr'>islosdosores</span> <span class='ocrx_word' id='word_1_19' title='bbox 1405 590 1632 687; x_wconf 77' lang='lat' dir='ltr'>excessivos,</span> <span class='ocrx_word' id='word_1_20' title='bbox 1658 615 1763 690; x_wconf 72' lang='lat' dir='ltr'>quoe</span> 
     </span>
    </p>
   </div>
   <div class='ocr_carea' id='block_1_3' title="bbox 400 692 1831 4438">
    <p class='ocr_par' dir='ltr' id='par_1_3' title="bbox 405 692 1831 2823">
     <span class='ocr_line' id='line_1_4' title="bbox 412 692 1762 794; baseline -0.002 -20"><span class='ocrx_word' id='word_1_21' title='bbox 412 697 552 793; x_wconf 90' lang='lat' dir='ltr'>modo,</span> <span class='ocrx_word' id='word_1_22' title='bbox 579 694 753 790; x_wconf 80' lang='lat' dir='ltr'>sentiret.</span> <span class='ocrx_word' id='word_1_23' title='bbox 781 695 878 772; x_wconf 85' lang='lat' dir='ltr'><strong>Item</strong></span> <span class='ocrx_word' id='word_1_24' title='bbox 905 717 996 771; x_wconf 89' lang='lat' dir='ltr'>cum</span> <span class='ocrx_word' id='word_1_25' title='bbox 1018 692 1087 771; x_wconf 85' lang='lat' dir='ltr'>hic</span> <span class='ocrx_word' id='word_1_26' title='bbox 1108 693 1244 771; x_wconf 77' lang='lat' dir='ltr'>Beatus</span> <span class='ocrx_word' id='word_1_27' title='bbox 1267 694 1375 771; x_wconf 88' lang='lat' dir='ltr'>Pater</span> <span class='ocrx_word' id='word_1_28' title='bbox 1400 692 1588 794; x_wconf 76' lang='lat' dir='ltr'>migrasset</span> <span class='ocrx_word' id='word_1_29' title='bbox 1614 693 1762 785; x_wconf 87' lang='lat' dir='ltr'>adDo·</span> 
     </span>
     <span class='ocr_line' id='line_1_5' title="bbox 413 793 1765 895; baseline -0.001 -20"><span class='ocrx_word' id='word_1_30' title='bbox 413 796 589 889; x_wconf 89' lang='lat' dir='ltr'>minum,</span> <span class='ocrx_word' id='word_1_31' title='bbox 615 795 745 874; x_wconf 91' lang='lat' dir='ltr'>eadem</span> <span class='ocrx_word' id='word_1_32' title='bbox 758 794 953 891; x_wconf 87' lang='lat' dir='ltr'>Domina,</span> <span class='ocrx_word' id='word_1_33' title='bbox 978 794 1442 894; x_wconf 84' lang='lat' dir='ltr'>cumgraviterpateretur</span> <span class='ocrx_word' id='word_1_34' title='bbox 1463 796 1503 872; x_wconf 91' lang='lat' dir='ltr'>in</span> <span class='ocrx_word' id='word_1_35' title='bbox 1530 793 1676 895; x_wconf 82' lang='lat' dir='ltr'>spatula</span> <span class='ocrx_word' id='word_1_36' title='bbox 1696 795 1765 874; x_wconf 92' lang='lat' dir='ltr'>do·</span> 
     </span>
     <span class='ocr_line' id='line_1_6' title="bbox 408 890 1761 996; baseline 0 -20"><span class='ocrx_word' id='word_1_37' title='bbox 408 898 508 976; x_wconf 91' lang='lat' dir='ltr'>lores</span> <span class='ocrx_word' id='word_1_38' title='bbox 535 922 613 974; x_wconf 91' lang='lat' dir='ltr'>noti</span> <span class='ocrx_word' id='word_1_39' title='bbox 642 899 800 996; x_wconf 83' lang='lat' dir='ltr'>parvos,</span> <span class='ocrx_word' id='word_1_40' title='bbox 825 893 919 974; x_wconf 76' lang='lat' dir='ltr'>fana</span> <span class='ocrx_word' id='word_1_41' title='bbox 943 890 1319 975; x_wconf 79' lang='lat' dir='ltr'>recommendatione</span> <span class='ocrx_word' id='word_1_42' title='bbox 1343 895 1389 972; x_wconf 89' lang='lat' dir='ltr'>ad</span> <span class='ocrx_word' id='word_1_43' title='bbox 1402 895 1479 974; x_wconf 90' lang='lat' dir='ltr'>Dei</span> <span class='ocrx_word' id='word_1_44' title='bbox 1504 896 1683 991; x_wconf 87' lang='lat' dir='ltr'>seruum,</span> <span class='ocrx_word' id='word_1_45' title='bbox 1707 918 1761 976; x_wconf 88' lang='lat' dir='ltr'>ex</span> 
     </span>
     <span class='ocr_line' id='line_1_7' title="bbox 409 994 1758 1098; baseline 0 -21"><span class='ocrx_word' id='word_1_46' title='bbox 409 1017 502 1078; x_wconf 91' lang='lat' dir='ltr'>tunc</span> <span class='ocrx_word' id='word_1_47' title='bbox 529 996 704 1078; x_wconf 85' lang='lat' dir='ltr'>remanfit</span> <span class='ocrx_word' id='word_1_48' title='bbox 729 1022 752 1075; x_wconf 90' lang='lat' dir='ltr'>a</span> <span class='ocrx_word' id='word_1_49' title='bbox 777 996 887 1077; x_wconf 74' lang='lat' dir='ltr'>ditiis</span> <span class='ocrx_word' id='word_1_50' title='bbox 911 996 1109 1076; x_wconf 88' lang='lat' dir='ltr'>doloribus</span> <span class='ocrx_word' id='word_1_51' title='bbox 1198 995 1301 1076; x_wconf 88' lang='lat' dir='ltr'>nitus</span> <span class='ocrx_word' id='word_1_52' title='bbox 1325 994 1505 1095; x_wconf 78' lang='lat' dir='ltr'>liberata.</span> <span class='ocrx_word' id='word_1_53' title='bbox 1532 999 1634 1076; x_wconf 84' lang='lat' dir='ltr'>Item</span> <span class='ocrx_word' id='word_1_54' title='bbox 1655 1022 1758 1098; x_wconf 78' lang='lat' dir='ltr'>quae-</span> 
     </span>
     <span class='ocr_line' id='line_1_8' title="bbox 410 1095 1764 1199; baseline 0.001 -22"><span class='ocrx_word' id='word_1_55' title='bbox 410 1099 498 1177; x_wconf 87' lang='lat' dir='ltr'>dam</span> <span class='ocrx_word' id='word_1_56' title='bbox 525 1098 600 1179; x_wconf 86' lang='lat' dir='ltr'>alia</span> <span class='ocrx_word' id='word_1_57' title='bbox 626 1096 768 1177; x_wconf 84' lang='lat' dir='ltr'>nobilis</span> <span class='ocrx_word' id='word_1_58' title='bbox 795 1097 965 1176; x_wconf 92' lang='lat' dir='ltr'>Domina</span> <span class='ocrx_word' id='word_1_59' title='bbox 1000 1098 1046 1177; x_wconf 91' lang='lat' dir='ltr'>de</span> <span class='ocrx_word' id='word_1_60' title='bbox 1072 1098 1118 1199; x_wconf 88' lang='lat' dir='ltr'>Ju</span> <span class='ocrx_word' id='word_1_61' title='bbox 1152 1095 1328 1194; x_wconf 90' lang='lat' dir='ltr'>inianis,</span> <span class='ocrx_word' id='word_1_62' title='bbox 1360 1097 1520 1177; x_wconf 88' lang='lat' dir='ltr'>nomine</span> <span class='ocrx_word' id='word_1_63' title='bbox 1546 1097 1718 1179; x_wconf 84' lang='lat' dir='ltr'>Beatrice</span> <span class='ocrx_word' id='word_1_64' title='bbox 1745 1152 1764 1197; x_wconf 89' lang='lat'>,</span> 
     </span>
     <span class='ocr_line' id='line_1_9' title="bbox 409 1197 1761 1299; baseline 0.003 -24"><span class='ocrx_word' id='word_1_65' title='bbox 409 1200 527 1277; x_wconf 91' lang='lat' dir='ltr'>etiam</span> <span class='ocrx_word' id='word_1_66' title='bbox 554 1220 730 1277; x_wconf 81' lang='lat' dir='ltr'>oretenus</span> <span class='ocrx_word' id='word_1_67' title='bbox 756 1198 854 1276; x_wconf 89' lang='lat' dir='ltr'>mihi</span> <span class='ocrx_word' id='word_1_68' title='bbox 880 1198 1012 1278; x_wconf 90' lang='lat' dir='ltr'>retulit</span> <span class='ocrx_word' id='word_1_69' title='bbox 1038 1252 1053 1294; x_wconf 94' lang='lat'>,</span> <span class='ocrx_word' id='word_1_70' title='bbox 1077 1197 1240 1299; x_wconf 77' lang='lat' dir='ltr'>qualiter</span> <span class='ocrx_word' id='word_1_71' title='bbox 1264 1221 1353 1277; x_wconf 91' lang='lat' dir='ltr'>eum</span> <span class='ocrx_word' id='word_1_72' title='bbox 1380 1200 1469 1278; x_wconf 88' lang='lat' dir='ltr'>esset</span> <span class='ocrx_word' id='word_1_73' title='bbox 1495 1198 1684 1294; x_wconf 88' lang='lat' dir='ltr'>infirma,</span> <span class='ocrx_word' id='word_1_74' title='bbox 1718 1201 1761 1279; x_wconf 92' lang='grc'>8(</span> 
     </span>
     <span class='ocr_line' id='line_1_10' title="bbox 410 1297 1764 1401; baseline 0.003 -25"><span class='ocrx_word' id='word_1_75' title='bbox 410 1298 533 1378; x_wconf 83' lang='lat' dir='ltr'>febres</span> <span class='ocrx_word' id='word_1_76' title='bbox 557 1297 978 1399; x_wconf 70' lang='lat' dir='ltr'>adiuasiterpateretura</span> <span class='ocrx_word' id='word_1_77' title='bbox 1005 1299 1260 1379; x_wconf 87' lang='lat' dir='ltr'>nihilominus</span> <span class='ocrx_word' id='word_1_78' title='bbox 1284 1300 1438 1395; x_wconf 89' lang='lat' dir='ltr'>audito,</span> <span class='ocrx_word' id='word_1_79' title='bbox 1463 1300 1564 1401; x_wconf 89' lang='lat' dir='ltr'>quod</span> <span class='ocrx_word' id='word_1_80' title='bbox 1593 1299 1649 1377; x_wconf 84' lang='lat' dir='ltr'>vir</span> <span class='ocrx_word' id='word_1_81' title='bbox 1674 1302 1764 1380; x_wconf 86' lang='lat' dir='ltr'>san·</span> 
     </span>
     <span class='ocr_line' id='line_1_11' title="bbox 410 1397 1761 1502; baseline 0.002 -25"><span class='ocrx_word' id='word_1_82' title='bbox 410 1397 492 1479; x_wconf 70' lang='lat' dir='ltr'>sius</span> <span class='ocrx_word' id='word_1_83' title='bbox 519 1400 704 1501; x_wconf 83' lang='lat' dir='ltr'>migrasset</span> <span class='ocrx_word' id='word_1_84' title='bbox 729 1402 775 1481; x_wconf 86' lang='lat' dir='ltr'>ad</span> <span class='ocrx_word' id='word_1_85' title='bbox 790 1401 1030 1497; x_wconf 88' lang='lat' dir='ltr'>Dominum,</span> <span class='ocrx_word' id='word_1_86' title='bbox 1057 1401 1190 1480; x_wconf 76' lang='lat' dir='ltr'>uolens</span> <span class='ocrx_word' id='word_1_87' title='bbox 1215 1401 1465 1501; x_wconf 84' lang='lat' dir='ltr'>corpusislius</span> <span class='ocrx_word' id='word_1_88' title='bbox 1489 1399 1651 1479; x_wconf 90' lang='lat' dir='ltr'>oninino</span> <span class='ocrx_word' id='word_1_89' title='bbox 1671 1426 1761 1502; x_wconf 88' lang='lat' dir='ltr'>per-</span> 
     </span>
     <span class='ocr_line' id='line_1_12' title="bbox 410 1500 1763 1603; baseline 0.004 -25"><span class='ocrx_word' id='word_1_90' title='bbox 410 1500 591 1580; x_wconf 81' lang='lat' dir='ltr'>sonaliter</span> <span class='ocrx_word' id='word_1_91' title='bbox 616 1501 767 1598; x_wconf 87' lang='lat' dir='ltr'>videte,</span> <span class='ocrx_word' id='word_1_92' title='bbox 792 1503 830 1582; x_wconf 98' lang='grc'>8(</span> <span class='ocrx_word' id='word_1_93' title='bbox 855 1503 891 1583; x_wconf 91' lang='lat' dir='ltr'>se</span> <span class='ocrx_word' id='word_1_94' title='bbox 918 1501 997 1581; x_wconf 90' lang='lat' dir='ltr'>Dei</span> <span class='ocrx_word' id='word_1_95' title='bbox 1024 1502 1131 1581; x_wconf 90' lang='lat' dir='ltr'>servo</span> <span class='ocrx_word' id='word_1_96' title='bbox 1156 1503 1503 1598; x_wconf 82' lang='lat' dir='ltr'>recommendare,</span> <span class='ocrx_word' id='word_1_97' title='bbox 1536 1527 1651 1603; x_wconf 88' lang='lat' dir='ltr'>quam</span> <span class='ocrx_word' id='word_1_98' title='bbox 1678 1527 1763 1584; x_wconf 77' lang='lat' dir='ltr'>nie-</span> 
     </span>
     <span class='ocr_line' id='line_1_13' title="bbox 409 1600 1759 1705; baseline 0.004 -27"><span class='ocrx_word' id='word_1_99' title='bbox 409 1600 485 1680; x_wconf 92' lang='lat' dir='ltr'>lius</span> <span class='ocrx_word' id='word_1_100' title='bbox 510 1601 661 1701; x_wconf 90' lang='lat' dir='ltr'>potuit,</span> <span class='ocrx_word' id='word_1_101' title='bbox 687 1602 729 1682; x_wconf 92' lang='lat' dir='ltr'>in</span> <span class='ocrx_word' id='word_1_102' title='bbox 756 1608 866 1684; x_wconf 86' lang='lat' dir='ltr'>barca</span> <span class='ocrx_word' id='word_1_103' title='bbox 892 1604 928 1693; x_wconf 86' lang='lat' dir='ltr'>se</span> <span class='ocrx_word' id='word_1_104' title='bbox 956 1603 1581 1705; x_wconf 84' lang='lat' dir='ltr'>ponenscumdecenticomitiva,</span> <span class='ocrx_word' id='word_1_105' title='bbox 1606 1605 1759 1684; x_wconf 80' lang='lat' dir='ltr'>adSan-</span> 
     </span>
     <span class='ocr_line' id='line_1_14' title="bbox 409 1697 1758 1808; baseline 0.003 -28"><span class='ocrx_word' id='word_1_106' title='bbox 409 1697 514 1780; x_wconf 69' lang='lat' dir='ltr'>&amp;um</span> <span class='ocrx_word' id='word_1_107' title='bbox 527 1701 780 1784; x_wconf 87' lang='lat' dir='ltr'>Dominicum</span> <span class='ocrx_word' id='word_1_108' title='bbox 802 1705 973 1802; x_wconf 82' lang='lat' dir='ltr'>accessit,</span> <span class='ocrx_word' id='word_1_109' title='bbox 998 1705 1091 1783; x_wconf 85' lang='lat' dir='ltr'>&amp;ad</span> <span class='ocrx_word' id='word_1_110' title='bbox 1117 1703 1378 1808; x_wconf 77' lang='lat' dir='ltr'>eorpussaneri</span> <span class='ocrx_word' id='word_1_111' title='bbox 1403 1726 1482 1784; x_wconf 88' lang='lat' dir='ltr'>tani</span> <span class='ocrx_word' id='word_1_112' title='bbox 1494 1704 1613 1800; x_wconf 87' lang='lat' dir='ltr'>facie,</span> <span class='ocrx_word' id='word_1_113' title='bbox 1639 1730 1758 1807; x_wconf 86' lang='lat' dir='ltr'>quam</span> 
     </span>
     <span class='ocr_line' id='line_1_15' title="bbox 409 1801 1761 1908; baseline 0.004 -27"><span class='ocrx_word' id='word_1_114' title='bbox 409 1802 557 1903; x_wconf 86' lang='lat' dir='ltr'>capite,</span> <span class='ocrx_word' id='word_1_115' title='bbox 584 1801 624 1882; x_wconf 92' lang='lat' dir='ltr'>in</span> <span class='ocrx_word' id='word_1_116' title='bbox 651 1830 730 1907; x_wconf 87' lang='lat' dir='ltr'>quo</span> <span class='ocrx_word' id='word_1_117' title='bbox 754 1807 900 1888; x_wconf 89' lang='lat' dir='ltr'>summe</span> <span class='ocrx_word' id='word_1_118' title='bbox 928 1807 1167 1908; x_wconf 90' lang='lat' dir='ltr'>patiebatur,</span> <span class='ocrx_word' id='word_1_119' title='bbox 1190 1831 1280 1886; x_wconf 89' lang='lat' dir='ltr'>cum</span> <span class='ocrx_word' id='word_1_120' title='bbox 1306 1831 1441 1908; x_wconf 85' lang='lat' dir='ltr'>magna</span> <span class='ocrx_word' id='word_1_121' title='bbox 1462 1806 1670 1886; x_wconf 76' lang='lat' dir='ltr'>devotione</span> <span class='ocrx_word' id='word_1_122' title='bbox 1695 1810 1761 1886; x_wconf 86' lang='lat' dir='ltr'>ad·</span> 
     </span>
     <span class='ocr_line' id='line_1_16' title="bbox 409 1901 1759 2010; baseline 0.006 -31"><span class='ocrx_word' id='word_1_123' title='bbox 409 1901 584 2001; x_wconf 83' lang='lat' dir='ltr'>haerens,</span> <span class='ocrx_word' id='word_1_124' title='bbox 607 1905 806 2010; x_wconf 73' lang='lat' dir='ltr'>eidemque</span> <span class='ocrx_word' id='word_1_125' title='bbox 825 1909 863 1987; x_wconf 90' lang='lat' dir='ltr'>se</span> <span class='ocrx_word' id='word_1_126' title='bbox 873 1906 1093 2010; x_wconf 87' lang='lat' dir='ltr'>suppliciter</span> <span class='ocrx_word' id='word_1_127' title='bbox 1106 1908 1440 2005; x_wconf 84' lang='lat' dir='ltr'>recommendans,</span> <span class='ocrx_word' id='word_1_128' title='bbox 1465 1907 1641 1988; x_wconf 79' lang='lat' dir='ltr'>remansi</span> <span class='ocrx_word' id='word_1_129' title='bbox 1661 1932 1759 1988; x_wconf 85' lang='lat' dir='ltr'>con·</span> 
     </span>
     <span class='ocr_line' id='line_1_17' title="bbox 409 2001 1777 2111; baseline 0.008 -32"><span class='ocrx_word' id='word_1_130' title='bbox 409 2001 524 2084; x_wconf 86' lang='lat' dir='ltr'>sinuo</span> <span class='ocrx_word' id='word_1_131' title='bbox 547 2004 766 2107; x_wconf 84' lang='lat' dir='ltr'>fimplicitet</span> <span class='ocrx_word' id='word_1_132' title='bbox 791 2010 974 2106; x_wconf 86' lang='lat' dir='ltr'>liberata,</span> <span class='ocrx_word' id='word_1_133' title='bbox 1001 2009 1098 2088; x_wconf 90' lang='lat' dir='ltr'>itaut</span> <span class='ocrx_word' id='word_1_134' title='bbox 1125 2010 1171 2088; x_wconf 88' lang='lat' dir='ltr'>ad</span> <span class='ocrx_word' id='word_1_135' title='bbox 1192 2010 1350 2088; x_wconf 89' lang='lat' dir='ltr'>domum</span> <span class='ocrx_word' id='word_1_136' title='bbox 1377 2009 1565 2111; x_wconf 75' lang='lat' dir='ltr'>propriam</span> <span class='ocrx_word' id='word_1_137' title='bbox 1593 2004 1777 2111; x_wconf 61' lang='lat' dir='ltr'>pennis</span> 
     </span>
     <span class='ocr_line' id='line_1_18' title="bbox 408 2102 1760 2221; baseline 0.008 -41"><span class='ocrx_word' id='word_1_138' title='bbox 408 2102 524 2221; x_wconf 69' lang='lat' dir='ltr'>sandi</span> <span class='ocrx_word' id='word_1_139' title='bbox 551 2105 625 2185; x_wconf 86' lang='lat' dir='ltr'>viii</span> <span class='ocrx_word' id='word_1_140' title='bbox 652 2109 845 2211; x_wconf 83' lang='lat' dir='ltr'>exequiis,</span> <span class='ocrx_word' id='word_1_141' title='bbox 872 2112 987 2191; x_wconf 89' lang='lat' dir='ltr'>etiam</span> <span class='ocrx_word' id='word_1_142' title='bbox 1014 2110 1344 2212; x_wconf 73' lang='lat' dir='ltr'>propriispedibus</span> <span class='ocrx_word' id='word_1_143' title='bbox 1369 2131 1575 2215; x_wconf 81' lang='lat' dir='ltr'>remearet.</span> <span class='ocrx_word' id='word_1_144' title='bbox 1603 2112 1760 2205; x_wconf 86' lang='lat' dir='ltr'>Possent</span> 
     </span>
     <span class='ocr_line' id='line_1_19' title="bbox 408 2208 1831 2309; baseline 0.008 -27"><span class='ocrx_word' id='word_1_145' title='bbox 408 2223 525 2285; x_wconf 87' lang='lat' dir='ltr'>etiam</span> <span class='ocrx_word' id='word_1_146' title='bbox 552 2208 618 2289; x_wconf 92' lang='lat' dir='ltr'>hic</span> <span class='ocrx_word' id='word_1_147' title='bbox 643 2211 868 2309; x_wconf 88' lang='lat' dir='ltr'>explicatius</span> <span class='ocrx_word' id='word_1_148' title='bbox 891 2211 1043 2290; x_wconf 87' lang='lat' dir='ltr'>recitari</span> <span class='ocrx_word' id='word_1_149' title='bbox 1069 2213 1116 2289; x_wconf 89' lang='lat' dir='ltr'>de</span> <span class='ocrx_word' id='word_1_150' title='bbox 1143 2211 1383 2306; x_wconf 86' lang='lat' dir='ltr'>visionibus,</span> <span class='ocrx_word' id='word_1_151' title='bbox 1418 2210 1458 2290; x_wconf 89' lang='grc'>8(</span> <span class='ocrx_word' id='word_1_152' title='bbox 1483 2211 1764 2292; x_wconf 84' lang='lat' dir='ltr'>vocationibus</span> <span class='ocrx_word' id='word_1_153' title='bbox 1827 2265 1831 2271; x_wconf 34' lang='grc' dir='ltr'><em>ι</em></span> 
     </span>
     <span class='ocr_line' id='line_1_20' title="bbox 405 2309 1757 2414; baseline 0.005 -31"><span class='ocrx_word' id='word_1_154' title='bbox 405 2309 656 2405; x_wconf 88' lang='lat' dir='ltr'>quorumdam</span> <span class='ocrx_word' id='word_1_155' title='bbox 685 2312 861 2391; x_wconf 85' lang='lat' dir='ltr'>Fratrum</span> <span class='ocrx_word' id='word_1_156' title='bbox 887 2311 994 2391; x_wconf 73' lang='lat' dir='ltr'>fretis</span> <span class='ocrx_word' id='word_1_157' title='bbox 1019 2309 1060 2390; x_wconf 90' lang='lat' dir='ltr'>in</span> <span class='ocrx_word' id='word_1_158' title='bbox 1086 2312 1198 2390; x_wconf 88' lang='lat' dir='ltr'>annis</span> <span class='ocrx_word' id='word_1_159' title='bbox 1217 2312 1256 2390; x_wconf 91' lang='lat' dir='ltr'>su</span> <span class='ocrx_word' id='word_1_160' title='bbox 1284 2311 1433 2391; x_wconf 67' lang='lat' dir='ltr'>radidit</span> <span class='ocrx_word' id='word_1_161' title='bbox 1465 2314 1618 2414; x_wconf 59' lang='lat'>1392&amp;</span> <span class='ocrx_word' id='word_1_162' title='bbox 1645 2321 1757 2414; x_wconf 83' lang='lat'>1398.</span> 
     </span>
     <span class='ocr_line' id='line_1_21' title="bbox 408 2338 1765 2515; baseline 0.007 -32"><span class='ocrx_word' id='word_1_163' title='bbox 408 2428 658 2487; x_wconf 87' lang='lat' dir='ltr'>concurrente</span> <span class='ocrx_word' id='word_1_164' title='bbox 686 2412 824 2510; x_wconf 65' lang='lat' dir='ltr'>pestes</span> <span class='ocrx_word' id='word_1_165' title='bbox 859 2438 907 2492; x_wconf 86' lang='lat' dir='ltr'>ac</span> <span class='ocrx_word' id='word_1_166' title='bbox 930 2413 1047 2491; x_wconf 89' lang='lat' dir='ltr'>etiam</span> <span class='ocrx_word' id='word_1_167' title='bbox 1085 2414 1134 2491; x_wconf 93' lang='lat' dir='ltr'>de</span> <span class='ocrx_word' id='word_1_168' title='bbox 1159 2338 1314 2492; x_wconf 63' lang='lat' dir='ltr'>transitu</span> <span class='ocrx_word' id='word_1_169' title='bbox 1349 2438 1463 2515; x_wconf 91' lang='lat' dir='ltr'>quam</span> <span class='ocrx_word' id='word_1_170' title='bbox 1490 2414 1632 2495; x_wconf 89' lang='lat' dir='ltr'>devoto</span> <span class='ocrx_word' id='word_1_171' title='bbox 1657 2417 1765 2493; x_wconf 84' lang='lat' dir='ltr'>mul·</span> 
     </span>
     <span class='ocr_line' id='line_1_22' title="bbox 405 2510 1760 2616; baseline 0.009 -35"><span class='ocrx_word' id='word_1_172' title='bbox 405 2525 535 2586; x_wconf 85' lang='lat' dir='ltr'>torum</span> <span class='ocrx_word' id='word_1_173' title='bbox 548 2510 723 2589; x_wconf 83' lang='lat' dir='ltr'>Fratrum</span> <span class='ocrx_word' id='word_1_174' title='bbox 750 2511 890 2592; x_wconf 88' lang='lat' dir='ltr'>merito</span> <span class='ocrx_word' id='word_1_175' title='bbox 915 2514 1131 2593; x_wconf 87' lang='lat' dir='ltr'>narratione</span> <span class='ocrx_word' id='word_1_176' title='bbox 1152 2514 1291 2615; x_wconf 88' lang='lat' dir='ltr'>digno.</span> <span class='ocrx_word' id='word_1_177' title='bbox 1318 2515 1390 2594; x_wconf 90' lang='lat' dir='ltr'>Sed</span> <span class='ocrx_word' id='word_1_178' title='bbox 1416 2514 1600 2616; x_wconf 88' lang='lat' dir='ltr'>quiahoc</span> <span class='ocrx_word' id='word_1_179' title='bbox 1628 2519 1669 2594; x_wconf 92' lang='lat' dir='ltr'>in</span> <span class='ocrx_word' id='word_1_180' title='bbox 1695 2514 1760 2593; x_wconf 87' lang='lat' dir='ltr'>di·</span> 
     </span>
     <span class='ocr_line' id='line_1_23' title="bbox 405 2605 1764 2720; baseline 0.012 -39"><span class='ocrx_word' id='word_1_181' title='bbox 405 2605 519 2687; x_wconf 86' lang='lat' dir='ltr'>versis</span> <span class='ocrx_word' id='word_1_182' title='bbox 541 2609 815 2693; x_wconf 82' lang='lat' dir='ltr'>Conventibus</span> <span class='ocrx_word' id='word_1_183' title='bbox 838 2614 1042 2717; x_wconf 78' lang='lat' dir='ltr'>contigit,</span> <span class='ocrx_word' id='word_1_184' title='bbox 1077 2640 1149 2696; x_wconf 90' lang='lat' dir='ltr'>nec</span> <span class='ocrx_word' id='word_1_185' title='bbox 1174 2641 1244 2717; x_wconf 87' lang='lat' dir='ltr'>pso</span> <span class='ocrx_word' id='word_1_186' title='bbox 1269 2642 1372 2696; x_wconf 90' lang='lat' dir='ltr'>nunc</span> <span class='ocrx_word' id='word_1_187' title='bbox 1397 2617 1443 2695; x_wconf 91' lang='lat' dir='ltr'>ad</span> <span class='ocrx_word' id='word_1_188' title='bbox 1470 2618 1626 2720; x_wconf 85' lang='lat' dir='ltr'>pienum</span> <span class='ocrx_word' id='word_1_189' title='bbox 1652 2614 1764 2697; x_wconf 89' lang='lat' dir='ltr'>mihi</span> 
     </span>
     <span class='ocr_line' id='line_1_24' title="bbox 405 2712 1766 2823; baseline 0.014 -40"><span class='ocrx_word' id='word_1_190' title='bbox 405 2728 636 2823; x_wconf 82' lang='lat' dir='ltr'>occurrunt,</span> <span class='ocrx_word' id='word_1_191' title='bbox 662 2712 806 2794; x_wconf 90' lang='lat' dir='ltr'>idcirco</span> <span class='ocrx_word' id='word_1_192' title='bbox 829 2715 877 2795; x_wconf 84' lang='lat' dir='ltr'>ad</span> <span class='ocrx_word' id='word_1_193' title='bbox 903 2716 1060 2818; x_wconf 87' lang='lat' dir='ltr'>praesens</span> <span class='ocrx_word' id='word_1_194' title='bbox 1086 2718 1322 2818; x_wconf 85' lang='lat' dir='ltr'>pertranseo.</span> <span class='ocrx_word' id='word_1_195' title='bbox 1762 2716 1766 2723; x_wconf 72' lang='grc'><em>’</em></span> 
     </span>
    </p>

    <p class='ocr_par' dir='ltr' id='par_1_4' title="bbox 400 2809 1771 4418">
     <span class='ocr_line' id='line_1_25' title="bbox 457 2809 1768 2918; baseline 0.01 -32"><span class='ocrx_word' id='word_1_196' title='bbox 457 2809 597 2911; x_wconf 84' lang='lat' dir='ltr'>Sitque</span> <span class='ocrx_word' id='word_1_197' title='bbox 622 2811 701 2915; x_wconf 81' lang='lat' dir='ltr'>posi</span> <span class='ocrx_word' id='word_1_198' title='bbox 711 2814 916 2918; x_wconf 84' lang='lat' dir='ltr'>aliqualem</span> <span class='ocrx_word' id='word_1_199' title='bbox 944 2818 1295 2916; x_wconf 83' lang='lat' dir='ltr'>transgressionem,</span> <span class='ocrx_word' id='word_1_200' title='bbox 1319 2818 1366 2896; x_wconf 88' lang='lat' dir='ltr'>ad</span> <span class='ocrx_word' id='word_1_201' title='bbox 1392 2819 1565 2899; x_wconf 88' lang='lat' dir='ltr'>ordinem</span> <span class='ocrx_word' id='word_1_202' title='bbox 1588 2818 1768 2899; x_wconf 69' lang='lat' dir='ltr'>historiae</span> 
     </span>
     <span class='ocr_line' id='line_1_26' title="bbox 406 2908 1765 3021; baseline 0.01 -37"><span class='ocrx_word' id='word_1_203' title='bbox 406 2908 623 3011; x_wconf 86' lang='lat' dir='ltr'>redeundo,</span> <span class='ocrx_word' id='word_1_204' title='bbox 647 2914 875 2997; x_wconf 88' lang='lat' dir='ltr'>sciendum:</span> <span class='ocrx_word' id='word_1_205' title='bbox 900 2919 1063 3021; x_wconf 88' lang='lat' dir='ltr'>qualiter</span> <span class='ocrx_word' id='word_1_206' title='bbox 1090 2919 1254 3021; x_wconf 87' lang='lat' dir='ltr'>contigit</span> <span class='ocrx_word' id='word_1_207' title='bbox 1281 2921 1497 3021; x_wconf 73' lang='lat' dir='ltr'>supradidio</span> <span class='ocrx_word' id='word_1_208' title='bbox 1521 2922 1646 3000; x_wconf 89' lang='lat' dir='ltr'>mense</span> <span class='ocrx_word' id='word_1_209' title='bbox 1673 2922 1765 2999; x_wconf 89' lang='lat' dir='ltr'>No-</span> 
     </span>
     <span class='ocr_line' id='line_1_27' title="bbox 405 3013 1769 3122; baseline 0.014 -36"><span class='ocrx_word' id='word_1_210' title='bbox 405 3013 568 3090; x_wconf 86' lang='lat' dir='ltr'>vembri</span> <span class='ocrx_word' id='word_1_211' title='bbox 592 3017 682 3095; x_wconf 89' lang='lat' dir='ltr'>anni</span> <span class='ocrx_word' id='word_1_212' title='bbox 715 3027 819 3122; x_wconf 84' lang='lat'>1398.</span> <span class='ocrx_word' id='word_1_213' title='bbox 845 3045 909 3121; x_wconf 78' lang='lat' dir='ltr'>rpe</span> <span class='ocrx_word' id='word_1_214' title='bbox 945 3020 1112 3120; x_wconf 89' lang='lat' dir='ltr'>recipere</span> <span class='ocrx_word' id='word_1_215' title='bbox 1149 3021 1327 3121; x_wconf 87' lang='lat' dir='ltr'>quasdam</span> <span class='ocrx_word' id='word_1_216' title='bbox 1354 3021 1483 3101; x_wconf 86' lang='lat' dir='ltr'>literas</span> <span class='ocrx_word' id='word_1_217' title='bbox 1518 3048 1541 3101; x_wconf 89' lang='lat' dir='ltr'>a</span> <span class='ocrx_word' id='word_1_218' title='bbox 1571 3021 1769 3105; x_wconf 71' lang='lat' dir='ltr'>Generali</span> 
     </span>
     <span class='ocr_line' id='line_1_28' title="bbox 403 3110 1771 3223; baseline 0.01 -35"><span class='ocrx_word' id='word_1_219' title='bbox 403 3110 585 3195; x_wconf 80' lang='lat' dir='ltr'>Castusiae</span> <span class='ocrx_word' id='word_1_220' title='bbox 613 3118 764 3198; x_wconf 86' lang='lat' dir='ltr'>noviter</span> <span class='ocrx_word' id='word_1_221' title='bbox 789 3142 942 3216; x_wconf 84' lang='lat' dir='ltr'>creato,</span> <span class='ocrx_word' id='word_1_222' title='bbox 968 3121 1005 3199; x_wconf 86' lang='grc'>8(</span> <span class='ocrx_word' id='word_1_223' title='bbox 1032 3146 1096 3221; x_wconf 87' lang='lat' dir='ltr'>per</span> <span class='ocrx_word' id='word_1_224' title='bbox 1122 3122 1244 3221; x_wconf 90' lang='lat' dir='ltr'>ipsum</span> <span class='ocrx_word' id='word_1_225' title='bbox 1272 3123 1398 3202; x_wconf 89' lang='lat' dir='ltr'>mense</span> <span class='ocrx_word' id='word_1_226' title='bbox 1420 3123 1638 3204; x_wconf 79' lang='lat' dir='ltr'>immediate</span> <span class='ocrx_word' id='word_1_227' title='bbox 1657 3122 1771 3223; x_wconf 65' lang='grc' dir='ltr'><strong>μετ’·</strong></span> 
     </span>
     <span class='ocr_line' id='line_1_29' title="bbox 402 3213 1763 3322; baseline 0.01 -34"><span class='ocrx_word' id='word_1_228' title='bbox 402 3213 553 3293; x_wconf 88' lang='lat' dir='ltr'>cedenti</span> <span class='ocrx_word' id='word_1_229' title='bbox 581 3217 759 3318; x_wconf 88' lang='lat' dir='ltr'>scriptas,</span> <span class='ocrx_word' id='word_1_230' title='bbox 782 3247 941 3322; x_wconf 86' lang='lat' dir='ltr'>quarum</span> <span class='ocrx_word' id='word_1_231' title='bbox 956 3243 1065 3301; x_wconf 86' lang='lat' dir='ltr'>terior</span> <span class='ocrx_word' id='word_1_232' title='bbox 1091 3222 1178 3302; x_wconf 90' lang='lat' dir='ltr'>talis</span> <span class='ocrx_word' id='word_1_233' title='bbox 1203 3220 1279 3320; x_wconf 90' lang='lat' dir='ltr'>est,</span> <span class='ocrx_word' id='word_1_234' title='bbox 1306 3224 1508 3306; x_wconf 85' lang='lat' dir='ltr'>videlicet:</span> <span class='ocrx_word' id='word_1_235' title='bbox 1533 3228 1562 3271; x_wconf 83' lang='lat'><strong>“</strong></span> <span class='ocrx_word' id='word_1_236' title='bbox 1577 3216 1763 3303; x_wconf 75' lang='lat' dir='ltr'>Salutem</span> 
     </span>
     <span class='ocr_line' id='line_1_30' title="bbox 404 3315 1767 3424; baseline 0.01 -34"><span class='ocrx_word' id='word_1_237' title='bbox 404 3353 434 3409; x_wconf 90' lang='lat'>,·,</span> <span class='ocrx_word' id='word_1_238' title='bbox 457 3315 495 3392; x_wconf 86' lang='grc'>8(</span> <span class='ocrx_word' id='word_1_239' title='bbox 521 3338 650 3393; x_wconf 87' lang='lat' dir='ltr'>ueram</span> <span class='ocrx_word' id='word_1_240' title='bbox 676 3344 806 3418; x_wconf 87' lang='lat' dir='ltr'>pacem</span> <span class='ocrx_word' id='word_1_241' title='bbox 834 3324 875 3402; x_wconf 90' lang='lat' dir='ltr'>iti</span> <span class='ocrx_word' id='word_1_242' title='bbox 901 3325 986 3423; x_wconf 88' lang='lat' dir='ltr'>Jesn</span> <span class='ocrx_word' id='word_1_243' title='bbox 1013 3324 1171 3405; x_wconf 86' lang='lat' dir='ltr'>Christo</span> <span class='ocrx_word' id='word_1_244' title='bbox 1196 3325 1457 3424; x_wconf 87' lang='lat' dir='ltr'>Venerande,</span> <span class='ocrx_word' id='word_1_245' title='bbox 1491 3327 1529 3407; x_wconf 80' lang='grc'>8(</span> <span class='ocrx_word' id='word_1_246' title='bbox 1564 3321 1767 3404; x_wconf 68' lang='lat' dir='ltr'>dionidi:</span> 
     </span>
     <span class='ocr_line' id='line_1_31' title="bbox 405 3413 1763 3522; baseline 0.013 -33"><span class='ocrx_word' id='word_1_247' title='bbox 405 3465 436 3506; x_wconf 86' lang='lat'>„</span> <span class='ocrx_word' id='word_1_248' title='bbox 461 3413 569 3492; x_wconf 86' lang='lat' dir='ltr'>sime.</span> <span class='ocrx_word' id='word_1_249' title='bbox 595 3421 794 3518; x_wconf 80' lang='lat' dir='ltr'>Quoniam</span> <span class='ocrx_word' id='word_1_250' title='bbox 821 3423 944 3504; x_wconf 86' lang='lat' dir='ltr'>visum</span> <span class='ocrx_word' id='word_1_251' title='bbox 972 3426 1023 3503; x_wconf 87' lang='lat' dir='ltr'>est</span> <span class='ocrx_word' id='word_1_252' title='bbox 1051 3429 1232 3522; x_wconf 90' lang='lat' dir='ltr'>bonum,</span> <span class='ocrx_word' id='word_1_253' title='bbox 1267 3428 1308 3505; x_wconf 91' lang='lat' dir='ltr'>in</span> <span class='ocrx_word' id='word_1_254' title='bbox 1335 3427 1458 3508; x_wconf 87' lang='lat' dir='ltr'>oculis</span> <span class='ocrx_word' id='word_1_255' title='bbox 1483 3426 1659 3508; x_wconf 87' lang='lat' dir='ltr'>omnium</span> <span class='ocrx_word' id='word_1_256' title='bbox 1690 3426 1763 3506; x_wconf 79' lang='lat' dir='ltr'>Pa-</span> 
     </span>
     <span class='ocr_line' id='line_1_32' title="bbox 403 3522 1766 3634; baseline 0.012 -45"><span class='ocrx_word' id='word_1_257' title='bbox 403 3564 431 3606; x_wconf 92' lang='lat'>„</span> <span class='ocrx_word' id='word_1_258' title='bbox 457 3531 586 3633; x_wconf 69' lang='lat' dir='ltr'>rrum,</span> <span class='ocrx_word' id='word_1_259' title='bbox 609 3522 930 3634; x_wconf 72' lang='lat' dir='ltr'>ramelesiornm,</span> <span class='ocrx_word' id='word_1_260' title='bbox 957 3550 1072 3627; x_wconf 92' lang='lat' dir='ltr'>quam</span> <span class='ocrx_word' id='word_1_261' title='bbox 1098 3527 1435 3624; x_wconf 81' lang='lat' dir='ltr'>consirniatoruni3</span> <span class='ocrx_word' id='word_1_262' title='bbox 1462 3529 1524 3607; x_wconf 91' lang='lat' dir='ltr'>sed</span> <span class='ocrx_word' id='word_1_263' title='bbox 1549 3526 1766 3608; x_wconf 85' lang='lat' dir='ltr'>cumulum·</span> 
     </span>
     <span class='ocr_line' id='line_1_33' title="bbox 403 3622 1763 3732; baseline 0.013 -43"><span class='ocrx_word' id='word_1_264' title='bbox 403 3654 432 3707; x_wconf 94' lang='lat'>,·,</span> <span class='ocrx_word' id='word_1_265' title='bbox 455 3622 719 3702; x_wconf 77' lang='lat' dir='ltr'>amaritudinis</span> <span class='ocrx_word' id='word_1_266' title='bbox 742 3628 867 3707; x_wconf 86' lang='lat' dir='ltr'>cordis</span> <span class='ocrx_word' id='word_1_267' title='bbox 903 3630 980 3706; x_wconf 88' lang='lat' dir='ltr'>mei</span> <span class='ocrx_word' id='word_1_268' title='bbox 1008 3627 1178 3706; x_wconf 86' lang='lat' dir='ltr'>mirabili</span> <span class='ocrx_word' id='word_1_269' title='bbox 1211 3630 1416 3709; x_wconf 85' lang='lat' dir='ltr'>concordia</span> <span class='ocrx_word' id='word_1_270' title='bbox 1442 3630 1584 3732; x_wconf 84' lang='lat' dir='ltr'>pariter</span> <span class='ocrx_word' id='word_1_271' title='bbox 1614 3650 1763 3708; x_wconf 81' lang='lat' dir='ltr'>omnes</span> 
     </span>
     <span class='ocr_line' id='line_1_34' title="bbox 400 3717 1761 3835; baseline 0.011 -43"><span class='ocrx_word' id='word_1_272' title='bbox 400 3766 429 3807; x_wconf 87' lang='lat'>„</span> <span class='ocrx_word' id='word_1_273' title='bbox 454 3717 651 3802; x_wconf 88' lang='lat' dir='ltr'>adversum</span> <span class='ocrx_word' id='word_1_274' title='bbox 676 3726 848 3807; x_wconf 81' lang='lat' dir='ltr'>Fratrem</span> <span class='ocrx_word' id='word_1_275' title='bbox 874 3730 1040 3807; x_wconf 83' lang='lat' dir='ltr'>uestrum</span> <span class='ocrx_word' id='word_1_276' title='bbox 1066 3727 1329 3835; x_wconf 77' lang='lat' dir='ltr'>cogitaveruqt</span> <span class='ocrx_word' id='word_1_277' title='bbox 1351 3732 1389 3810; x_wconf 87' lang='grc'>8(</span> <span class='ocrx_word' id='word_1_278' title='bbox 1416 3731 1598 3810; x_wconf 82' lang='lat' dir='ltr'>steterunt</span> <span class='ocrx_word' id='word_1_279' title='bbox 1626 3730 1761 3826; x_wconf 86' lang='lat' dir='ltr'>‚irie-</span> 
     </span>
     <span class='ocr_line' id='line_1_35' title="bbox 402 3816 1763 3937; baseline 0.012 -44"><span class='ocrx_word' id='word_1_280' title='bbox 402 3867 430 3910; x_wconf 93' lang='lat'>„</span> <span class='ocrx_word' id='word_1_281' title='bbox 457 3816 705 3937; x_wconf 67' lang='lat' dir='ltr'>tradabiliter</span> <span class='ocrx_word' id='word_1_282' title='bbox 730 3830 1001 3925; x_wconf 86' lang='lat' dir='ltr'>decernentes,</span> <span class='ocrx_word' id='word_1_283' title='bbox 1027 3855 1117 3908; x_wconf 90' lang='lat' dir='ltr'>enm</span> <span class='ocrx_word' id='word_1_284' title='bbox 1138 3833 1206 3907; x_wconf 86' lang='lat' dir='ltr'>sub</span> <span class='ocrx_word' id='word_1_285' title='bbox 1232 3831 1322 3932; x_wconf 82' lang='lat' dir='ltr'>jugo</span> <span class='ocrx_word' id='word_1_286' title='bbox 1341 3832 1547 3932; x_wconf 81' lang='lat' dir='ltr'>grauissimi</span> <span class='ocrx_word' id='word_1_287' title='bbox 1575 3830 1763 3935; x_wconf 21' lang='lat' dir='ltr'>pond-etis</span> 
     </span>
     <span class='ocr_line' id='line_1_36' title="bbox 402 3931 1766 4036; baseline 0.012 -42"><span class='ocrx_word' id='word_1_288' title='bbox 402 3967 431 4011; x_wconf 90' lang='lat'>„</span> <span class='ocrx_word' id='word_1_289' title='bbox 453 3936 691 4024; x_wconf 81' lang='lat' dir='ltr'>opprimere,</span> <span class='ocrx_word' id='word_1_290' title='bbox 717 3951 828 4029; x_wconf 88' lang='lat' dir='ltr'>prout</span> <span class='ocrx_word' id='word_1_291' title='bbox 858 3934 955 4011; x_wconf 90' lang='lat' dir='ltr'>Veri.</span> <span class='ocrx_word' id='word_1_292' title='bbox 985 3933 1025 4009; x_wconf 90' lang='lat' dir='ltr'>P.</span> <span class='ocrx_word' id='word_1_293' title='bbox 1052 3931 1158 4008; x_wconf 89' lang='lat' dir='ltr'>Prior</span> <span class='ocrx_word' id='word_1_294' title='bbox 1186 3931 1368 4011; x_wconf 78' lang='lat' dir='ltr'>Bononiae</span> <span class='ocrx_word' id='word_1_295' title='bbox 1387 3958 1416 4029; x_wconf 65' lang='lat'>,‘</span> <span class='ocrx_word' id='word_1_296' title='bbox 1439 3935 1539 4013; x_wconf 88' lang='lat' dir='ltr'>sator</span> <span class='ocrx_word' id='word_1_297' title='bbox 1564 3933 1766 4036; x_wconf 67' lang='lat' dir='ltr'>presentis·</span> 
     </span>
     <span class='ocr_line' id='line_1_37' title="bbox 402 4023 1767 4127; baseline 0.012 -30"><span class='ocrx_word' id='word_1_298' title='bbox 402 4058 431 4112; x_wconf 88' lang='lat'>,·,</span> <span class='ocrx_word' id='word_1_299' title='bbox 454 4023 599 4102; x_wconf 80' lang='lat' dir='ltr'>cedulae</span> <span class='ocrx_word' id='word_1_300' title='bbox 634 4029 772 4127; x_wconf 92' lang='lat' dir='ltr'>poterit</span> <span class='ocrx_word' id='word_1_301' title='bbox 799 4054 977 4111; x_wconf 89' lang='lat' dir='ltr'>oretenus</span> <span class='ocrx_word' id='word_1_302' title='bbox 1012 4057 1209 4110; x_wconf 87' lang='lat' dir='ltr'>enarrare.</span> <span class='ocrx_word' id='word_1_303' title='bbox 1245 4035 1296 4112; x_wconf 82' lang='lat' dir='ltr'>Et</span> <span class='ocrx_word' id='word_1_304' title='bbox 1323 4034 1412 4114; x_wconf 91' lang='lat' dir='ltr'>ideo</span> <span class='ocrx_word' id='word_1_305' title='bbox 1436 4034 1664 4114; x_wconf 86' lang='lat' dir='ltr'>charitatem</span> <span class='ocrx_word' id='word_1_306' title='bbox 1694 4058 1767 4114; x_wconf 79' lang='lat' dir='ltr'>ve·</span> 
     </span>
     <span class='ocr_line' id='line_1_38' title="bbox 400 4118 1765 4237; baseline 0.015 -42"><span class='ocrx_word' id='word_1_307' title='bbox 400 4168 430 4215; x_wconf 88' lang='lat'>„</span> <span class='ocrx_word' id='word_1_308' title='bbox 455 4118 565 4202; x_wconf 80' lang='lat' dir='ltr'>sitam</span> <span class='ocrx_word' id='word_1_309' title='bbox 592 4126 774 4227; x_wconf 87' lang='lat' dir='ltr'>deprecor</span> <span class='ocrx_word' id='word_1_310' title='bbox 799 4131 1001 4211; x_wconf 74' lang='lat' dir='ltr'>humiliter</span> <span class='ocrx_word' id='word_1_311' title='bbox 1024 4133 1062 4212; x_wconf 93' lang='grc'>8(</span> <span class='ocrx_word' id='word_1_312' title='bbox 1090 4132 1302 4231; x_wconf 87' lang='lat' dir='ltr'>instanter,</span> <span class='ocrx_word' id='word_1_313' title='bbox 1337 4157 1381 4214; x_wconf 93' lang='lat' dir='ltr'>ut</span> <span class='ocrx_word' id='word_1_314' title='bbox 1406 4138 1507 4237; x_wconf 85' lang='lat' dir='ltr'>apud</span> <span class='ocrx_word' id='word_1_315' title='bbox 1531 4138 1665 4215; x_wconf 90' lang='lat' dir='ltr'>Deum</span> <span class='ocrx_word' id='word_1_316' title='bbox 1692 4158 1765 4215; x_wconf 81' lang='lat' dir='ltr'>me</span> 
     </span>
     <span class='ocr_line' id='line_1_39' title="bbox 402 4230 1767 4418; baseline 0.001 -105"><span class='ocrx_word' id='word_1_317' title='bbox 402 4269 430 4313; x_wconf 73' lang='lat' dir='ltr'>n</span> <span class='ocrx_word' id='word_1_318' title='bbox 456 4244 662 4326; x_wconf 79' lang='lat' dir='ltr'>pauperent</span> <span class='ocrx_word' id='word_1_319' title='bbox 687 4230 949 4357; x_wconf 69' lang='lat' dir='ltr'>dcsositarium</span> <span class='ocrx_word' id='word_1_320' title='bbox 978 4231 1050 4336; x_wconf 87' lang='lat' dir='ltr'>piis</span> <span class='ocrx_word' id='word_1_321' title='bbox 1074 4234 1253 4338; x_wconf 88' lang='lat' dir='ltr'>precibus</span> <span class='ocrx_word' id='word_1_322' title='bbox 1277 4236 1407 4335; x_wconf 84' lang='lat' dir='ltr'>juvare</span> <span class='ocrx_word' id='word_1_323' title='bbox 1433 4238 1589 4336; x_wconf 83' lang='lat' dir='ltr'>velitis,</span> <span class='ocrx_word' id='word_1_324' title='bbox 1615 4238 1767 4418; x_wconf 77' lang='lat' dir='ltr'>uthmi·</span> 
     </span>
    </p>

    <p class='ocr_par' dir='ltr' id='par_1_5' title="bbox 1624 4366 1708 4438">
     <span class='ocr_line' id='line_1_40' title="bbox 1624 4366 1708 4438; baseline 0.024 -2"><span class='ocrx_word' id='word_1_325' title='bbox 1624 4395 1655 4438; x_wconf 80' lang='lat' dir='ltr'>ii</span> <span class='ocrx_word' id='word_1_326' title='bbox 1695 4366 1708 4418; x_wconf 86' lang='lat'><strong>¹</strong></span> 
     </span>
    </p>
   </div>
   <div class='ocr_carea' id='block_1_4' title="bbox 0 0 1905 5332">
    <p class='ocr_par' dir='ltr' id='par_1_6' title="bbox 0 0 1905 5332">
     <span class='ocr_line' id='line_1_41' title="bbox 0 0 1905 5332; baseline 0 0"><span class='ocrx_word' id='word_1_327' title='bbox 0 0 1905 5332; x_wconf 95' lang='lat' dir='ltr'> </span> 
     </span>
    </p>
   </div>
  </div>
 </body>
</html>
