3800 5342
543 352 658 457 1128¹

422 546 424 550 ⁴
468 492 590 593 ibonis
615 496 795 582 deficiunt
820 493 914 577 boui
941 474 1102 593 Patren,
1128 495 1165 577 &
1191 484 1283 577 boni
1306 494 1578 579 Consiliatotet
1603 488 1630 594 ,'
1653 497 1691 579 8<
1716 497 1814 579 berre
1872 468 1873 551 3

478 607 610 686 vivete
635 600 873 684 volentibus.
900 598 952 679 Et
979 599 1107 678 nullus
1134 602 1256 680 bonus
1276 600 1353 700 est,
1376 601 1443 703 qui
1469 600 1665 680 modicum
1686 623 1815 699 curat,

1872 782 1873 817 l

599 729 644 781 ne
670 724 796 781 vivat.

480 709 807 886 utggndudendo
834 798 952 899 igitur
977 798 1087 893 dico,
1113 802 1239 902 quod,
1264 790 1445 881 exiliente
1471 820 1565 881 voto
1585 799 1710 880 vestro
1733 799 1812 880 lici·
1872 830 1873 909 q

480 930 543 1003 to,
569 906 670 1007 quod
698 930 773 983 non
802 899 920 1002 potest
947 926 1013 1003 per
1037 901 1266 1004 Episcopum
1291 902 1516 999 annullari,
1552 903 1590 981 ἃ
1615 902 1718 1079 qqtod
1742 901 1812 1016 pri·
1872 914 1873 1005 ἰ

479 1030 574 1088 vata
601 1003 825 1085 obedientia:
862 1025 930 1081 nec
958 1027 1064 1099 vos,
1102 1027 1171 1083 nec
1197 1004 1333 1105 aliquis
1359 1002 1584 1104 obligatur,
1689 1000 1715 1079 st
1741 1024 1811 1099 ram

478 1130 628 1208 tempus
656 1104 872 1205 promissum
900 1102 1108 1200 transterit,
1134 1101 1161 1181 fi
1186 1104 1232 1183 de
1259 1104 1411 1185 mortali
1424 1124 1579 1205 peccato
1600 1101 1704 1181 exire
1733 1103 1811 1181 vul·
1872 1132 1873 1199 3

476 1211 551 1304 tis,
580 1228 751 1308 prompte
779 1203 854 1283 sme
882 1203 1054 1282 ulteriori
1076 1204 1259 1285 dilatione
1288 1227 1422 1286 votum
1443 1203 1606 1284 vestrum
1635 1202 1810 1302 implete,

477 1310 627 1410 sititque
654 1306 865 1411 solitaria-a
891 1304 1067 1385 masculis
1092 1331 1210 1407 usque
1236 1306 1282 1386 ad
1308 1328 1472 1388 mortem
1502 1327 1676 1401 tantum,
1702 1328 1810 1405 quan·

479 1432 560 1491 tum
590 1408 807 1511 possibilitas
834 1404 1002 1508 patitur,
1027 1407 1064 1486 8<
1091 1407 1298 1507 permittit.
1872 1442 1873 1445 Ν

529 1512 622 1589 Non
647 1509 815 1591 obslante
842 1530 972 1587 autem
1000 1505 1204 1608 supradicta
1231 1506 1490 1610 responsione,
1514 1507 1656 1587 iterum
1681 1502 1808 1585 eadem
1872 1570 1873 1607 ᾗ

446 1692 449 1697 ,
479 1613 650 1692 Domina
676 1607 880 1712 supradilia
906 1608 1009 1686 dieto
1035 1608 1157 1689 fratri
1176 1610 1343 1708 Johanni
1369 1606 1477 1713 super
1498 1610 1629 1691 eadem
1657 1606 1808 1687 materia
1872 1618 1873 1701 l

478 1712 659 1814 rescripsrt
686 1711 726 1790 in
753 1713 817 1788 suo
846 1708 994 1812 vulgari
1020 1710 1088 1790 sub
1115 1709 1190 1790 hiis
1216 1712 1341 1792 verbis
1365 1764 1379 1807 ,
1414 1737 1497 1813 qua
1533 1710 1597 1791 hic
1623 1709 1666 1788 in
1692 1707 1807 1790 latino
1872 1706 1873 1737 ¹

479 1835 697 1916 ponuntur,
725 1812 923 1893 videlicet:
1319 1827 1334 1849 r

534 1918 578 1994 ln
592 1914 762 1993 Nomine
774 1912 936 1993 Domini
950 1913 1064 1993 nostri
1076 1914 1159 2014 Jesu
1171 1914 1338 1996 Christi.
1361 1912 1811 1997 Amen.Reverendel’a·

483 2038 560 2097 tet.
590 2018 658 2094 Per
685 2014 841 2094 vestram
868 2014 1120 2117 genitricem,
1145 2016 1319 2097 Sororem
1348 2018 1388 2096 in
1417 2013 1650 2096 Monastetio
1671 2017 1809 2114 Corpo

479 2116 531 2197 rit
556 2116 722 2213 Christi,
747 2116 869 2217 scripsi
896 2117 1118 2204 Paternitati
1148 2119 1284 2197 Veslrae
1311 2175 1324 2216 ,
1351 2118 1514 2221 petendo
1539 2116 1745 2197 confilium
1770 2115 1808 2192 ab

479 2218 610 2297 eadem
638 2220 745 2319 supet
771 2241 877 2298 certo
903 2240 996 2297 voto
1017 2219 1063 2297 de
1090 2218 1290 2297 melasio.
1317 2221 1369 2299 Et
1390 2220 1514 2321 recepi
1536 2218 1702 2298 aVellra
1730 2241 1809 2319 pra·

476 2317 814 2399 diclal‘atemitate
842 2319 1185 2419 responsum-inter
1211 2321 1309 2415 alia,
1334 2322 1498 2423 qualiter
1523 2345 1595 2421 ego
1622 2342 1808 2421 permane·

482 2425 568 2498 barn
597 2419 637 2497 in
665 2441 819 2520 peccato
845 2419 1022 2514 mortali,
1048 2417 1073 2498 st
1101 2418 1243 2499 dierum
1272 2443 1403 2501 votum
1427 2448 1499 2524 ego
1526 2448 1603 2500 non
1626 2418 1810 2499 executio

393 2600 397 2607 ,
478 2521 521 2599 ni
548 2521 761 2600 tradebam.
788 2522 906 2600 Nunc
933 2543 1061 2598 autem
1090 2520 1258 2621 significo
1285 2524 1418 2623 uobis,
1443 2522 1606 2624 qualiter
1638 2521 1739 2598 mihi
1767 2517 1810 2596 vi·

419 2702 422 2715 Ι
477 2621 611 2718 detur,
637 2622 739 2722 quod
767 2622 875 2700 Pater
901 2646 1008 2700 meus
1034 2619 1272 2720 spititualis,
1307 2623 1373 2723 qui
1401 2626 1518 2703 vellet
1547 2623 1691 2722 semper
1718 2618 1811 2721 sequi

480 2723 621 2802 bonam
650 2724 913 2817 voluntatem,
941 2724 1077 2802 habeat
1103 2725 1211 2823 super
1237 2724 1276 2803 id
1303 2725 1420 2802 alium
1453 2722 1719 2818 intellectum,
1745 2721 1810 2800 sive

478 2820 692 2923 aspedlum3
719 2825 991 2925 propterquod
1019 2826 1259 2903 nonvidetur
1278 2827 1518 2923 contentari,
1544 2824 1645 2926 quod
1673 2823 1810 2904 dicium

402 2972 407 2983 ·
478 2944 614 3002 votum
642 2949 707 3025 per
733 2951 793 3004 me
821 2926 1039 3005 executioni
1068 2929 1302 3017 mandetur.
1330 2929 1440 3006 Unde
1470 2927 1678 3019 hasrranc,
1715 2922 1810 3026 qnod

467 3049 557 3104 ‘non
584 3025 697 3105 suerit
723 3029 827 3106 casus
853 3026 1050 3127 supradidli
1080 3028 1155 3104 mei
1192 3027 1274 3105 voti
1304 3030 1443 3108 Vestra
1471 3027 1691 3107 Paternirati
1722 3030 1812 3105 bene

463 3125 702 3228 portellur,
727 3148 792 3205 aut
819 3129 935 3204 etiam
963 3128 1173 3226 explicatus
1198 3149 1323 3228 aperte
1345 3156 1375 3222 3-w
1399 3129 1567 3231 cogitavi
1596 3153 1727 3209 veram
1753 3128 1810 3205 Se·

465 3228 573 3307 vrienr
600 3226 690 3305 didli
717 3230 844 3323 casus,
871 3229 906 3304 8<
935 3228 1016 3304 voti
1046 3254 1110 3327 per
1137 3230 1392 3328 Scripturam‚
1419 3257 1503 3312 mea
1527 3230 1676 3332 propria
1705 3250 1811 3307 manu

477 3328 679 3425 scriptam,
705 3327 827 3406 eidem
857 3327 995 3406 Vestra
1024 3330 1244 3408 Paternitati
1269 3332 1549 3427 transmittere,
1576 3329 1810 3431 supplicando

477 3427 636 3521 eidem,
671 3448 713 3504 ut
739 3429 837 3506 mihi
866 3430 1086 3528 respondere
1114 3433 1325 3531 dignetur.
1364 3434 1414 3509 Et
1442 3460 1513 3534 ego
1541 3455 1667 3533 parata
1697 3433 1808 3525 sum,

477 3546 628 3620 totum,
655 3549 766 3626 prout
794 3529 833 3607 in
861 3529 1060 3608 consilinm
1087 3533 1288 3627 dederitis,
1315 3533 1535 3614 executioni
1564 3533 1766 3611 mandate.

528 3630 625 3706 Tres
651 3629 741 3708 anni
769 3631 853 3707 sunt
881 3630 954 3729 jam
982 3632 1189 3732 elaps1,ex
1216 3659 1401 3731 quocum
1429 3663 1505 3734 ego
1522 3634 1731 3732 sentirem,
1755 3653 1808 3711 me

478 3728 606 3805 taliter
633 3730 904 3826 debilitatam,
931 3735 1031 3832 quod
1060 3734 1175 3812 etiarn
1205 3758 1270 3833 per
1295 3737 1505 3835 quamlibet
1534 3737 1731 3834 personam
1757 3736 1811 3812 do·

478 3830 696 3927 mellicam,
724 3857 784 3910 me
812 3835 1005 3911 videntem
1033 3890 1045 3930 ,
1069 3835 1264 3913 dicebatur
1291 3841 1440 3935 ,quod
1456 3848 1570 3916 leram
1597 3839 1656 3916 de‘
1673 3834 1812 3940 propio

476 3957 554 4033 quo
580 3932 896 4014 certitudinaliter
934 3936 1156 4013 moritura:
1197 3934 1454 4039 Propterquod
1491 3940 1661 4040 cogitavi
1703 3940 1811 4018 facere

471 4055 633 4129 votum,
658 4036 697 4113 dt
724 4037 776 4114 ita
802 4036 898 4132 feci,
924 4037 961 4113 8(
989 4036 1128 4113 devovi
1157 4057 1233 4114 tam
1265 4040 1388 4134 Deo,
1420 4050 1538 4138 'quarn
1567 4044 1608 4119 B.
1639 4037 1810 4118 Domini-

474 4158 545 4227 co,
571 4136 892 4216 &B.Carharinae
919 4136 1108 4228 deSeois,
1135 4137 1333 4235 (quamvis
1363 4142 1546 4237 habitum·
1567 4143 1810 4243 pauonum

466 4232 647 4348 minici,
683 4239 720 4315 ἃ
748 4240 787 4315 Β.
815 4237 1032 4315 Catharinae
1071 4236 1110 4313 in
1149 4234 1608 4341 derpeurumzhabere'm,
1642 4244 1708 4324 seu
1733 4242 1811 4323 esset

472 4336 572 4417 mthi
598 4336 812 4439 despedlus)
838 4339 963 4441 quod,
991 4337 1057 4416 ubi
1083 4363 1154 4438 ego
1181 4342 1226 4418 de
1256 4341 1322 4420 tali
1350 4347 1497 4425 malitia
1524 4347 1749 4441 liberarer,
1780 4341 1809 4449 ᾃ

1670 4472 1769 4528 mor·
