<?xml version="1.0" encoding="UTF-8"?>
<!DOCTYPE html PUBLIC "-//W3C//DTD XHTML 1.0 Transitional//EN"
    "http://www.w3.org/TR/xhtml1/DTD/xhtml1-transitional.dtd">
<html xmlns="http://www.w3.org/1999/xhtml" xml:lang="en" lang="en">
 <head>
  <title>
</title>
<meta http-equiv="Content-Type" content="text/html;charset=utf-8" />
  <meta name='ocr-system' content='tesseract 3.04.00' />
  <meta name='ocr-capabilities' content='ocr_page ocr_carea ocr_par ocr_line ocrx_word'/>
</head>
<body>
  <div class='ocr_page' id='page_1' title='image "./ecclesiaeveneta01pasqgoog_0261.png"; bbox 0 0 3800 5342; ppageno 0'>
   <div class='ocr_carea' id='block_1_1' title="bbox 377 401 1371 517">
    <p class='ocr_par' dir='ltr' id='par_1_1' title="bbox 377 401 1371 517">
     <span class='ocr_line' id='line_1_1' title="bbox 377 401 1371 517; baseline 0 -30"><span class='ocrx_word' id='word_1_1' title='bbox 377 406 448 499; x_wconf 73' lang='lat' dir='ltr'>SS,</span> <span class='ocrx_word' id='word_1_2' title='bbox 481 401 771 513; x_wconf 81' lang='lat' dir='ltr'>Jonuiits</span> <span class='ocrx_word' id='word_1_3' title='bbox 810 429 886 486; x_wconf 81' lang='grc' dir='ltr'>Ετ</span> <span class='ocrx_word' id='word_1_4' title='bbox 929 404 1152 486; x_wconf 76' lang='lat' dir='ltr'>Pauci.</span> <span class='ocrx_word' id='word_1_5' title='bbox 1289 433 1371 517; x_wconf 79' lang='lat'>245</span> 
     </span>
    </p>
   </div>
   <div class='ocr_carea' id='block_1_2' title="bbox 19 550 1552 4363">
    <p class='ocr_par' dir='ltr' id='par_1_2' title="bbox 19 550 1435 1058">
     <span class='ocr_line' id='line_1_2' title="bbox 19 550 1435 659; baseline -0.001 -23"><span class='ocrx_word' id='word_1_6' title='bbox 19 577 22 621; x_wconf 67' lang='lat'>⁵</span> <span class='ocrx_word' id='word_1_7' title='bbox 106 552 152 636; x_wconf 83' lang='lat' dir='ltr'>ris</span> <span class='ocrx_word' id='word_1_8' title='bbox 175 551 415 659; x_wconf 84' lang='lat' dir='ltr'>imponeret.</span> <span class='ocrx_word' id='word_1_9' title='bbox 435 552 572 654; x_wconf 80' lang='lat' dir='ltr'>Legati</span> <span class='ocrx_word' id='word_1_10' title='bbox 600 550 782 654; x_wconf 86' lang='lat' dir='ltr'>Epistulas</span> <span class='ocrx_word' id='word_1_11' title='bbox 808 552 910 631; x_wconf 88' lang='lat' dir='ltr'>datas</span> <span class='ocrx_word' id='word_1_12' title='bbox 946 551 1009 631; x_wconf 88' lang='lat' dir='ltr'>die</span> <span class='ocrx_word' id='word_1_13' title='bbox 1035 574 1176 630; x_wconf 84' lang='lat' dir='ltr'>xxviii.</span> <span class='ocrx_word' id='word_1_14' title='bbox 1203 555 1435 655; x_wconf 76' lang='lat' dir='ltr'>Septembris</span> 
     </span>
     <span class='ocr_line' id='line_1_3' title="bbox 107 652 1435 755; baseline 0.001 -20"><span class='ocrx_word' id='word_1_15' title='bbox 107 682 200 737; x_wconf 88' lang='lat' dir='ltr'>anuo</span> <span class='ocrx_word' id='word_1_16' title='bbox 227 657 422 735; x_wconf 82' lang='lat' dir='ltr'>Mcccixi.</span> <span class='ocrx_word' id='word_1_17' title='bbox 458 654 608 755; x_wconf 88' lang='lat' dir='ltr'>publica</span> <span class='ocrx_word' id='word_1_18' title='bbox 636 652 824 731; x_wconf 86' lang='lat' dir='ltr'>Mansredi</span> <span class='ocrx_word' id='word_1_19' title='bbox 852 653 1006 731; x_wconf 90' lang='lat' dir='ltr'>Notarii</span> <span class='ocrx_word' id='word_1_20' title='bbox 1043 679 1158 731; x_wconf 90' lang='lat' dir='ltr'>manu</span> <span class='ocrx_word' id='word_1_21' title='bbox 1185 653 1226 732; x_wconf 90' lang='lat' dir='ltr'>in</span> <span class='ocrx_word' id='word_1_22' title='bbox 1251 657 1435 736; x_wconf 89' lang='lat' dir='ltr'>Conven-</span> 
     </span>
     <span class='ocr_line' id='line_1_4' title="bbox 102 753 1434 859; baseline -0.002 -23"><span class='ocrx_word' id='word_1_23' title='bbox 102 780 143 859; x_wconf 87' lang='lat' dir='ltr'>tu</span> <span class='ocrx_word' id='word_1_24' title='bbox 169 757 228 836; x_wconf 85' lang='lat' dir='ltr'>SS.</span> <span class='ocrx_word' id='word_1_25' title='bbox 256 756 409 857; x_wconf 88' lang='lat' dir='ltr'>Joannis</span> <span class='ocrx_word' id='word_1_26' title='bbox 435 755 471 832; x_wconf 75' lang='lat'>8&lt;</span> <span class='ocrx_word' id='word_1_27' title='bbox 501 754 605 832; x_wconf 88' lang='lat' dir='ltr'>Pauli</span> <span class='ocrx_word' id='word_1_28' title='bbox 632 754 844 854; x_wconf 88' lang='lat' dir='ltr'>exemplata</span> <span class='ocrx_word' id='word_1_29' title='bbox 869 753 1046 849; x_wconf 85' lang='lat' dir='ltr'>fuerunt,</span> <span class='ocrx_word' id='word_1_30' title='bbox 1072 780 1198 833; x_wconf 89' lang='lat' dir='ltr'>coram</span> <span class='ocrx_word' id='word_1_31' title='bbox 1227 756 1355 836; x_wconf 84' lang='lat' dir='ltr'>Fratre</span> <span class='ocrx_word' id='word_1_32' title='bbox 1383 759 1434 834; x_wconf 87' lang='grc' dir='ltr'>Α-</span> 
     </span>
     <span class='ocr_line' id='line_1_5' title="bbox 104 853 1431 959; baseline 0.001 -23"><span class='ocrx_word' id='word_1_33' title='bbox 104 858 270 959; x_wconf 86' lang='lat' dir='ltr'>gnellino</span> <span class='ocrx_word' id='word_1_34' title='bbox 296 858 459 953; x_wconf 81' lang='lat' dir='ltr'>eiusdem</span> <span class='ocrx_word' id='word_1_35' title='bbox 471 853 626 934; x_wconf 76' lang='lat' dir='ltr'>Ordinis</span> <span class='ocrx_word' id='word_1_36' title='bbox 652 855 942 935; x_wconf 79' lang='lat' dir='ltr'>Praedicatorum</span> <span class='ocrx_word' id='word_1_37' title='bbox 967 855 1341 957; x_wconf 84' lang='lat' dir='ltr'>EpiscopoSudenfi,</span> <span class='ocrx_word' id='word_1_38' title='bbox 1367 857 1431 938; x_wconf 87' lang='lat' dir='ltr'>die</span> 
     </span>
     <span class='ocr_line' id='line_1_6' title="bbox 105 954 1089 1058; baseline -0.002 -23"><span class='ocrx_word' id='word_1_39' title='bbox 105 981 161 1036; x_wconf 85' lang='lat' dir='ltr'>xx.</span> <span class='ocrx_word' id='word_1_40' title='bbox 189 956 346 1058; x_wconf 81' lang='lat' dir='ltr'>Augusti</span> <span class='ocrx_word' id='word_1_41' title='bbox 374 984 473 1035; x_wconf 89' lang='lat' dir='ltr'>anno</span> <span class='ocrx_word' id='word_1_42' title='bbox 499 956 710 1057; x_wconf 86' lang='lat' dir='ltr'>insequenti</span> <span class='ocrx_word' id='word_1_43' title='bbox 740 958 950 1037; x_wconf 83' lang='lat' dir='ltr'>Mcccixu.</span> <span class='ocrx_word' id='word_1_44' title='bbox 978 954 1089 1056; x_wconf 86' lang='lat' dir='ltr'><strong>(D).</strong></span> 
     </span>
    </p>

    <p class='ocr_par' dir='ltr' id='par_1_3' title="bbox 96 1056 1438 1968">
     <span class='ocr_line' id='line_1_7' title="bbox 97 1056 1438 1160; baseline 0.001 -23"><span class='ocrx_word' id='word_1_45' title='bbox 97 1083 99 1091; x_wconf 91' lang='lat'>·</span> <span class='ocrx_word' id='word_1_46' title='bbox 150 1063 264 1137; x_wconf 87' lang='lat' dir='ltr'>Anno</span> <span class='ocrx_word' id='word_1_47' title='bbox 292 1060 546 1139; x_wconf 84' lang='lat' dir='ltr'>Meccixvtii.</span> <span class='ocrx_word' id='word_1_48' title='bbox 576 1056 850 1137; x_wconf 84' lang='lat' dir='ltr'>Monalletium</span> <span class='ocrx_word' id='word_1_49' title='bbox 888 1057 1153 1137; x_wconf 81' lang='lat' dir='ltr'>administrasse</span> <span class='ocrx_word' id='word_1_50' title='bbox 1182 1060 1357 1157; x_wconf 84' lang='lat' dir='ltr'>Fratrem</span> <span class='ocrx_word' id='word_1_51' title='bbox 1377 1059 1438 1160; x_wconf 91' lang='lat' dir='ltr'>J·</span> 
     </span>
     <span class='ocr_line' id='line_1_8' title="bbox 104 1159 1437 1261; baseline -0.001 -23"><span class='ocrx_word' id='word_1_52' title='bbox 104 1159 236 1238; x_wconf 90' lang='lat' dir='ltr'>cobum</span> <span class='ocrx_word' id='word_1_53' title='bbox 266 1161 441 1239; x_wconf 89' lang='lat' dir='ltr'>Rubeum</span> <span class='ocrx_word' id='word_1_54' title='bbox 469 1161 515 1239; x_wconf 89' lang='lat' dir='ltr'>de</span> <span class='ocrx_word' id='word_1_55' title='bbox 541 1160 716 1238; x_wconf 85' lang='lat' dir='ltr'>Veneriis</span> <span class='ocrx_word' id='word_1_56' title='bbox 743 1159 895 1240; x_wconf 85' lang='lat' dir='ltr'>testatur</span> <span class='ocrx_word' id='word_1_57' title='bbox 922 1184 1132 1239; x_wconf 88' lang='lat' dir='ltr'>marmorea</span> <span class='ocrx_word' id='word_1_58' title='bbox 1158 1159 1360 1261; x_wconf 82' lang='lat' dir='ltr'>epigraphe</span> <span class='ocrx_word' id='word_1_59' title='bbox 1379 1182 1437 1237; x_wconf 80' lang='lat' dir='ltr'>or·</span> 
     </span>
     <span class='ocr_line' id='line_1_9' title="bbox 103 1261 1437 1362; baseline -0.001 -24"><span class='ocrx_word' id='word_1_60' title='bbox 103 1286 196 1361; x_wconf 88' lang='lat' dir='ltr'>gano</span> <span class='ocrx_word' id='word_1_61' title='bbox 223 1261 681 1359; x_wconf 83' lang='lat' dir='ltr'>pneumaticolatetalis,</span> <span class='ocrx_word' id='word_1_62' title='bbox 709 1261 847 1362; x_wconf 90' lang='lat' dir='ltr'>inqua</span> <span class='ocrx_word' id='word_1_63' title='bbox 876 1262 954 1341; x_wconf 82' lang='lat' dir='ltr'>haec</span> <span class='ocrx_word' id='word_1_64' title='bbox 982 1262 1179 1360; x_wconf 89' lang='lat' dir='ltr'>leguntur:</span> <span class='ocrx_word' id='word_1_65' title='bbox 1212 1268 1437 1361; x_wconf 82' lang='lat' dir='ltr'>1368.Tem·</span> 
     </span>
     <span class='ocr_line' id='line_1_10' title="bbox 96 1358 1438 1463; baseline 0 -26"><span class='ocrx_word' id='word_1_66' title='bbox 96 1383 177 1457; x_wconf 83' lang='lat' dir='ltr'>pure</span> <span class='ocrx_word' id='word_1_67' title='bbox 202 1358 390 1441; x_wconf 78' lang='lat' dir='ltr'>Priornms</span> <span class='ocrx_word' id='word_1_68' title='bbox 416 1359 558 1441; x_wconf 77' lang='lat' dir='ltr'>Fratris</span> <span class='ocrx_word' id='word_1_69' title='bbox 569 1370 604 1463; x_wconf 89' lang='lat' dir='ltr'><em>J</em></span> <span class='ocrx_word' id='word_1_70' title='bbox 606 1359 708 1439; x_wconf 80' lang='lat' dir='ltr'>iacobi</span> <span class='ocrx_word' id='word_1_71' title='bbox 728 1359 847 1439; x_wconf 73' lang='lat' dir='ltr'>Rubei</span> <span class='ocrx_word' id='word_1_72' title='bbox 872 1360 917 1441; x_wconf 84' lang='lat' dir='ltr'>de</span> <span class='ocrx_word' id='word_1_73' title='bbox 926 1359 1086 1441; x_wconf 76' lang='lat' dir='ltr'>Veneriis</span> <span class='ocrx_word' id='word_1_74' title='bbox 1103 1358 1250 1463; x_wconf 72' lang='lat' dir='ltr'>fusium</span> <span class='ocrx_word' id='word_1_75' title='bbox 1268 1359 1349 1462; x_wconf 78' lang='lat' dir='ltr'>suit</span> <span class='ocrx_word' id='word_1_76' title='bbox 1369 1358 1438 1438; x_wconf 75' lang='lat' dir='ltr'>boc</span> 
     </span>
     <span class='ocr_line' id='line_1_11' title="bbox 101 1461 1436 1566; baseline 0.001 -29"><span class='ocrx_word' id='word_1_77' title='bbox 101 1482 213 1562; x_wconf 83' lang='lat' dir='ltr'>opus,·</span> <span class='ocrx_word' id='word_1_78' title='bbox 239 1488 286 1541; x_wconf 91' lang='lat' dir='ltr'>ex</span> <span class='ocrx_word' id='word_1_79' title='bbox 312 1489 388 1564; x_wconf 91' lang='lat' dir='ltr'>quo</span> <span class='ocrx_word' id='word_1_80' title='bbox 414 1462 560 1541; x_wconf 88' lang='lat' dir='ltr'>sortasse</span> <span class='ocrx_word' id='word_1_81' title='bbox 587 1462 724 1562; x_wconf 83' lang='lat' dir='ltr'>conjici</span> <span class='ocrx_word' id='word_1_82' title='bbox 753 1462 872 1566; x_wconf 77' lang='lat' dir='ltr'>potest</span> <span class='ocrx_word' id='word_1_83' title='bbox 900 1464 1083 1566; x_wconf 89' lang='lat' dir='ltr'>usquead</span> <span class='ocrx_word' id='word_1_84' title='bbox 1110 1489 1197 1541; x_wconf 86' lang='lat' dir='ltr'>euin</span> <span class='ocrx_word' id='word_1_85' title='bbox 1227 1461 1436 1543; x_wconf 90' lang='lat' dir='ltr'>terminum</span> 
     </span>
     <span class='ocr_line' id='line_1_12' title="bbox 99 1562 1435 1680; baseline 0.001 -42"><span class='ocrx_word' id='word_1_86' title='bbox 99 1586 197 1640; x_wconf 89' lang='lat' dir='ltr'>anno</span> <span class='ocrx_word' id='word_1_87' title='bbox 235 1565 351 1643; x_wconf 90' lang='lat' dir='ltr'>allato</span> <span class='ocrx_word' id='word_1_88' title='bbox 389 1562 609 1680; x_wconf 75' lang='lat' dir='ltr'>prodobium</span> <span class='ocrx_word' id='word_1_89' title='bbox 647 1565 752 1643; x_wconf 86' lang='lat' dir='ltr'>suilse</span> <span class='ocrx_word' id='word_1_90' title='bbox 788 1565 980 1666; x_wconf 83' lang='lat' dir='ltr'>magnifici</span> <span class='ocrx_word' id='word_1_91' title='bbox 1009 1563 1165 1667; x_wconf 85' lang='lat' dir='ltr'>Templi</span> <span class='ocrx_word' id='word_1_92' title='bbox 1198 1562 1435 1644; x_wconf 84' lang='lat' dir='ltr'>aedificium.</span> 
     </span>
     <span class='ocr_line' id='line_1_13' title="bbox 99 1662 1436 1762; baseline 0.002 -23"><span class='ocrx_word' id='word_1_93' title='bbox 99 1662 366 1762; x_wconf 80' lang='lat' dir='ltr'>Frequentiora</span> <span class='ocrx_word' id='word_1_94' title='bbox 392 1667 478 1744; x_wconf 92' lang='lat' dir='ltr'>inde</span> <span class='ocrx_word' id='word_1_95' title='bbox 505 1687 707 1746; x_wconf 90' lang='lat' dir='ltr'>occurrunt</span> <span class='ocrx_word' id='word_1_96' title='bbox 734 1689 782 1744; x_wconf 87' lang='lat' dir='ltr'>ex</span> <span class='ocrx_word' id='word_1_97' title='bbox 809 1667 981 1746; x_wconf 83' lang='lat' dir='ltr'>Archivo</span> <span class='ocrx_word' id='word_1_98' title='bbox 1009 1665 1232 1745; x_wconf 85' lang='lat' dir='ltr'>Monasterii</span> <span class='ocrx_word' id='word_1_99' title='bbox 1261 1665 1436 1744; x_wconf 88' lang='lat' dir='ltr'>Priorum</span> 
     </span>
     <span class='ocr_line' id='line_1_14' title="bbox 99 1765 1433 1872; baseline 0.004 -33"><span class='ocrx_word' id='word_1_100' title='bbox 99 1765 277 1860; x_wconf 83' lang='lat' dir='ltr'>nomina,</span> <span class='ocrx_word' id='word_1_101' title='bbox 303 1793 404 1846; x_wconf 90' lang='lat' dir='ltr'>anno</span> <span class='ocrx_word' id='word_1_102' title='bbox 430 1767 533 1845; x_wconf 89' lang='lat' dir='ltr'>enim</span> <span class='ocrx_word' id='word_1_103' title='bbox 563 1768 780 1847; x_wconf 85' lang='lat' dir='ltr'>Mcccixix.</span> <span class='ocrx_word' id='word_1_104' title='bbox 811 1797 867 1872; x_wconf 85' lang='lat'>30.</span> <span class='ocrx_word' id='word_1_105' title='bbox 880 1768 1107 1849; x_wconf 87' lang='lat' dir='ltr'>Decembris</span> <span class='ocrx_word' id='word_1_106' title='bbox 1127 1768 1349 1849; x_wconf 89' lang='lat' dir='ltr'>enuntiatur</span> <span class='ocrx_word' id='word_1_107' title='bbox 1361 1766 1433 1846; x_wconf 91' lang='lat' dir='ltr'>Ni·</span> 
     </span>
     <span class='ocr_line' id='line_1_15' title="bbox 101 1865 696 1968; baseline 0.013 -26"><span class='ocrx_word' id='word_1_108' title='bbox 101 1865 227 1944; x_wconf 87' lang='lat' dir='ltr'>colaus</span> <span class='ocrx_word' id='word_1_109' title='bbox 253 1868 299 1945; x_wconf 88' lang='lat' dir='ltr'>de</span> <span class='ocrx_word' id='word_1_110' title='bbox 325 1869 360 1944; x_wconf 90' lang='lat' dir='ltr'>S.</span> <span class='ocrx_word' id='word_1_111' title='bbox 388 1867 539 1968; x_wconf 87' lang='lat' dir='ltr'>Juliano</span> <span class='ocrx_word' id='word_1_112' title='bbox 567 1870 673 1949; x_wconf 87' lang='lat' dir='ltr'>Prior</span> <span class='ocrx_word' id='word_1_113' title='bbox 684 1881 696 1946; x_wconf 82' lang='grc'>.’</span> 
     </span>
    </p>

    <p class='ocr_par' dir='ltr' id='par_1_4' title="bbox 91 1967 1447 3654">
     <span class='ocr_line' id='line_1_16' title="bbox 142 1967 1435 2051; baseline 0 -5"><span class='ocrx_word' id='word_1_114' title='bbox 142 1971 258 2046; x_wconf 88' lang='lat' dir='ltr'>Anno</span> <span class='ocrx_word' id='word_1_115' title='bbox 285 1968 569 2048; x_wconf 80' lang='lat' dir='ltr'>Mccctxxuiit.</span> <span class='ocrx_word' id='word_1_116' title='bbox 595 1971 657 2049; x_wconf 90' lang='lat' dir='ltr'>die</span> <span class='ocrx_word' id='word_1_117' title='bbox 685 1994 791 2049; x_wconf 84' lang='lat' dir='ltr'>xxiv.</span> <span class='ocrx_word' id='word_1_118' title='bbox 817 1972 994 2051; x_wconf 88' lang='lat' dir='ltr'>Urbanus</span> <span class='ocrx_word' id='word_1_119' title='bbox 1006 1973 1074 2048; x_wconf 90' lang='lat' dir='ltr'>Vl.</span> <span class='ocrx_word' id='word_1_120' title='bbox 1102 1967 1346 2051; x_wconf 73' lang='lat' dir='ltr'>interdiblum</span> <span class='ocrx_word' id='word_1_121' title='bbox 1366 1967 1435 2047; x_wconf 91' lang='lat' dir='ltr'>sol·</span> 
     </span>
     <span class='ocr_line' id='line_1_17' title="bbox 98 2068 1440 2173; baseline 0.003 -31"><span class='ocrx_word' id='word_1_122' title='bbox 98 2087 221 2163; x_wconf 87' lang='lat' dir='ltr'>vens,</span> <span class='ocrx_word' id='word_1_123' title='bbox 256 2093 334 2170; x_wconf 90' lang='lat' dir='ltr'>quo</span> <span class='ocrx_word' id='word_1_124' title='bbox 359 2070 454 2150; x_wconf 89' lang='lat' dir='ltr'>olim</span> <span class='ocrx_word' id='word_1_125' title='bbox 480 2099 502 2150; x_wconf 90' lang='lat' dir='ltr'>a</span> <span class='ocrx_word' id='word_1_126' title='bbox 528 2072 715 2173; x_wconf 84' lang='lat' dir='ltr'>Gregorio</span> <span class='ocrx_word' id='word_1_127' title='bbox 741 2073 807 2150; x_wconf 89' lang='lat' dir='ltr'>XI.</span> <span class='ocrx_word' id='word_1_128' title='bbox 834 2072 1083 2167; x_wconf 86' lang='lat' dir='ltr'>Florentini‚</span> <span class='ocrx_word' id='word_1_129' title='bbox 1119 2090 1231 2172; x_wconf 90' lang='lat' dir='ltr'>atque</span> <span class='ocrx_word' id='word_1_130' title='bbox 1267 2095 1356 2149; x_wconf 91' lang='lat' dir='ltr'>cum</span> <span class='ocrx_word' id='word_1_131' title='bbox 1382 2068 1440 2146; x_wconf 91' lang='lat' dir='ltr'>eis</span> 
     </span>
     <span class='ocr_line' id='line_1_18' title="bbox 98 2167 1440 2274; baseline 0.004 -33"><span class='ocrx_word' id='word_1_132' title='bbox 98 2167 512 2273; x_wconf 85' lang='lat' dir='ltr'>participantesilligati</span> <span class='ocrx_word' id='word_1_133' title='bbox 524 2172 697 2271; x_wconf 87' lang='lat' dir='ltr'>fuerant,</span> <span class='ocrx_word' id='word_1_134' title='bbox 722 2171 1145 2274; x_wconf 88' lang='lat' dir='ltr'>EpiscopisCatholicis</span> <span class='ocrx_word' id='word_1_135' title='bbox 1157 2170 1370 2265; x_wconf 82' lang='lat' dir='ltr'>commisit,</span> <span class='ocrx_word' id='word_1_136' title='bbox 1395 2186 1440 2246; x_wconf 93' lang='lat' dir='ltr'>ut</span> 
     </span>
     <span class='ocr_line' id='line_1_19' title="bbox 98 2268 1442 2380; baseline 0.001 -36"><span class='ocrx_word' id='word_1_137' title='bbox 98 2290 181 2380; x_wconf 71' lang='lat' dir='ltr'>eos,</span> <span class='ocrx_word' id='word_1_138' title='bbox 192 2272 259 2371; x_wconf 90' lang='lat' dir='ltr'>qui</span> <span class='ocrx_word' id='word_1_139' title='bbox 274 2272 437 2371; x_wconf 68' lang='lat' dir='ltr'>praedifili</span> <span class='ocrx_word' id='word_1_140' title='bbox 450 2273 640 2354; x_wconf 63' lang='lat' dir='ltr'>interdisli</span> <span class='ocrx_word' id='word_1_141' title='bbox 653 2277 847 2356; x_wconf 75' lang='lat' dir='ltr'>occasione</span> <span class='ocrx_word' id='word_1_142' title='bbox 858 2273 1269 2355; x_wconf 84' lang='lat' dir='ltr'>excommunicationis</span> <span class='ocrx_word' id='word_1_143' title='bbox 1282 2268 1442 2351; x_wconf 87' lang='lat' dir='ltr'>vinculo</span> 
     </span>
     <span class='ocr_line' id='line_1_20' title="bbox 97 2364 1440 2481; baseline 0.004 -38"><span class='ocrx_word' id='word_1_144' title='bbox 97 2364 202 2467; x_wconf 87' lang='lat' dir='ltr'>ligati</span> <span class='ocrx_word' id='word_1_145' title='bbox 231 2374 327 2452; x_wconf 81' lang='lat' dir='ltr'>elien</span> <span class='ocrx_word' id='word_1_146' title='bbox 398 2377 629 2456; x_wconf 86' lang='lat' dir='ltr'>authoritate</span> <span class='ocrx_word' id='word_1_147' title='bbox 641 2375 857 2481; x_wconf 82' lang='lat' dir='ltr'>Apostolica</span> <span class='ocrx_word' id='word_1_148' title='bbox 880 2377 1140 2456; x_wconf 85' lang='lat' dir='ltr'>absolverent.</span> <span class='ocrx_word' id='word_1_149' title='bbox 1168 2371 1353 2475; x_wconf 86' lang='lat' dir='ltr'>Epiholas</span> <span class='ocrx_word' id='word_1_150' title='bbox 1376 2371 1440 2448; x_wconf 89' lang='lat' dir='ltr'>ha·</span> 
     </span>
     <span class='ocr_line' id='line_1_21' title="bbox 94 2466 1438 2594; baseline 0.003 -50"><span class='ocrx_word' id='word_1_151' title='bbox 94 2466 151 2547; x_wconf 90' lang='lat' dir='ltr'>see</span> <span class='ocrx_word' id='word_1_152' title='bbox 177 2496 268 2552; x_wconf 88' lang='lat' dir='ltr'>cuni</span> <span class='ocrx_word' id='word_1_153' title='bbox 296 2500 363 2555; x_wconf 89' lang='lat' dir='ltr'>exc</span> <span class='ocrx_word' id='word_1_154' title='bbox 415 2476 494 2557; x_wconf 86' lang='lat' dir='ltr'>illet</span> <span class='ocrx_word' id='word_1_155' title='bbox 519 2480 710 2578; x_wconf 87' lang='lat' dir='ltr'>Johannes</span> <span class='ocrx_word' id='word_1_156' title='bbox 737 2481 782 2558; x_wconf 91' lang='lat' dir='ltr'>de</span> <span class='ocrx_word' id='word_1_157' title='bbox 811 2478 1039 2559; x_wconf 83' lang='lat' dir='ltr'>Placentinis</span> <span class='ocrx_word' id='word_1_158' title='bbox 1058 2477 1265 2594; x_wconf 86' lang='lat' dir='ltr'>Episcopus</span> <span class='ocrx_word' id='word_1_159' title='bbox 1295 2469 1438 2551; x_wconf 82' lang='lat' dir='ltr'>Cattel-</span> 
     </span>
     <span class='ocr_line' id='line_1_22' title="bbox 93 2565 1439 2684; baseline -0.003 -33"><span class='ocrx_word' id='word_1_160' title='bbox 93 2565 200 2684; x_wconf 75' lang='lat' dir='ltr'>lauus</span> <span class='ocrx_word' id='word_1_161' title='bbox 227 2575 375 2658; x_wconf 87' lang='lat' dir='ltr'>Urbani</span> <span class='ocrx_word' id='word_1_162' title='bbox 404 2582 508 2679; x_wconf 90' lang='lat' dir='ltr'>Papae</span> <span class='ocrx_word' id='word_1_163' title='bbox 537 2582 604 2657; x_wconf 85' lang='lat' dir='ltr'>Vl.</span> <span class='ocrx_word' id='word_1_164' title='bbox 632 2580 956 2678; x_wconf 63' lang='lat' dir='ltr'>Communis,</span> <span class='ocrx_word' id='word_1_165' title='bbox 983 2582 1106 2658; x_wconf 87' lang='lat' dir='ltr'>Fratri</span> <span class='ocrx_word' id='word_1_166' title='bbox 1137 2576 1303 2657; x_wconf 89' lang='lat' dir='ltr'>Nicolao</span> <span class='ocrx_word' id='word_1_167' title='bbox 1329 2575 1375 2652; x_wconf 92' lang='lat' dir='ltr'>de</span> <span class='ocrx_word' id='word_1_168' title='bbox 1402 2573 1439 2648; x_wconf 85' lang='lat' dir='ltr'>S.</span> 
     </span>
     <span class='ocr_line' id='line_1_23' title="bbox 91 2665 1439 2779; baseline 0.006 -35"><span class='ocrx_word' id='word_1_169' title='bbox 91 2665 245 2766; x_wconf 83' lang='lat' dir='ltr'>Juliano</span> <span class='ocrx_word' id='word_1_170' title='bbox 274 2678 394 2754; x_wconf 86' lang='lat' dir='ltr'>Priori</span> <span class='ocrx_word' id='word_1_171' title='bbox 424 2680 647 2754; x_wconf 83' lang='lat' dir='ltr'>Monallerii</span> <span class='ocrx_word' id='word_1_172' title='bbox 674 2684 735 2756; x_wconf 86' lang='lat' dir='ltr'>SS.</span> <span class='ocrx_word' id='word_1_173' title='bbox 756 2682 913 2776; x_wconf 83' lang='lat' dir='ltr'>Ioannis</span> <span class='ocrx_word' id='word_1_174' title='bbox 940 2683 978 2756; x_wconf 79' lang='grc'>81</span> <span class='ocrx_word' id='word_1_175' title='bbox 1008 2680 1139 2774; x_wconf 85' lang='lat' dir='ltr'>Pauli,</span> <span class='ocrx_word' id='word_1_176' title='bbox 1165 2704 1230 2774; x_wconf 90' lang='lat' dir='ltr'>ea,</span> <span class='ocrx_word' id='word_1_177' title='bbox 1254 2701 1330 2779; x_wconf 90' lang='lat' dir='ltr'>qua</span> <span class='ocrx_word' id='word_1_178' title='bbox 1357 2672 1439 2753; x_wconf 86' lang='lat' dir='ltr'>lun·</span> 
     </span>
     <span class='ocr_line' id='line_1_24' title="bbox 93 2772 1442 2884; baseline 0.004 -38"><span class='ocrx_word' id='word_1_179' title='bbox 93 2772 253 2884; x_wconf 77' lang='lat' dir='ltr'>gebatur</span> <span class='ocrx_word' id='word_1_180' title='bbox 278 2774 527 2872; x_wconf 73' lang='lat' dir='ltr'>aubloritate‚</span> <span class='ocrx_word' id='word_1_181' title='bbox 553 2775 781 2872; x_wconf 80' lang='lat' dir='ltr'>mandavit,</span> <span class='ocrx_word' id='word_1_182' title='bbox 809 2800 849 2854; x_wconf 95' lang='lat' dir='ltr'>ut</span> <span class='ocrx_word' id='word_1_183' title='bbox 875 2802 1009 2855; x_wconf 91' lang='lat' dir='ltr'>omnes</span> <span class='ocrx_word' id='word_1_184' title='bbox 1036 2780 1073 2855; x_wconf 79' lang='lat'>8&lt;</span> <span class='ocrx_word' id='word_1_185' title='bbox 1099 2779 1263 2876; x_wconf 82' lang='lat' dir='ltr'>singulos</span> <span class='ocrx_word' id='word_1_186' title='bbox 1292 2779 1442 2855; x_wconf 83' lang='lat' dir='ltr'>Fratres</span> 
     </span>
     <span class='ocr_line' id='line_1_25' title="bbox 93 2870 1438 2973; baseline 0.003 -26"><span class='ocrx_word' id='word_1_187' title='bbox 93 2870 253 2948; x_wconf 87' lang='lat' dir='ltr'>Ordinis</span> <span class='ocrx_word' id='word_1_188' title='bbox 282 2874 571 2955; x_wconf 83' lang='lat' dir='ltr'>Praedicatorum</span> <span class='ocrx_word' id='word_1_189' title='bbox 598 2875 640 2953; x_wconf 89' lang='lat' dir='ltr'>in</span> <span class='ocrx_word' id='word_1_190' title='bbox 661 2875 859 2973; x_wconf 82' lang='lat' dir='ltr'>Ciuitate,</span> <span class='ocrx_word' id='word_1_191' title='bbox 884 2876 1438 2955; x_wconf 83' lang='lat' dir='ltr'>&amp;DioecestCastellanacom-</span> 
     </span>
     <span class='ocr_line' id='line_1_26' title="bbox 92 2974 1438 3077; baseline 0.003 -31"><span class='ocrx_word' id='word_1_192' title='bbox 92 2992 332 3069; x_wconf 80' lang='lat' dir='ltr'>morantes,</span> <span class='ocrx_word' id='word_1_193' title='bbox 378 3000 475 3077; x_wconf 90' lang='lat' dir='ltr'>quos</span> <span class='ocrx_word' id='word_1_194' title='bbox 521 2976 718 3056; x_wconf 89' lang='lat' dir='ltr'>invenisset</span> <span class='ocrx_word' id='word_1_195' title='bbox 765 2978 833 3056; x_wconf 91' lang='lat' dir='ltr'>tali</span> <span class='ocrx_word' id='word_1_196' title='bbox 871 2976 1272 3058; x_wconf 78' lang='lat' dir='ltr'>excommunicatione</span> <span class='ocrx_word' id='word_1_197' title='bbox 1310 2974 1438 3052; x_wconf 88' lang='lat' dir='ltr'>devin-</span> 
     </span>
     <span class='ocr_line' id='line_1_27' title="bbox 93 3066 1443 3179; baseline 0.005 -32"><span class='ocrx_word' id='word_1_198' title='bbox 93 3066 197 3167; x_wconf 76' lang='lat' dir='ltr'>atos,</span> <span class='ocrx_word' id='word_1_199' title='bbox 223 3077 489 3156; x_wconf 90' lang='lat' dir='ltr'>communioni</span> <span class='ocrx_word' id='word_1_200' title='bbox 517 3078 688 3159; x_wconf 84' lang='lat' dir='ltr'>fidelium</span> <span class='ocrx_word' id='word_1_201' title='bbox 715 3076 946 3159; x_wconf 83' lang='lat' dir='ltr'>restitueret.</span> <span class='ocrx_word' id='word_1_202' title='bbox 967 3082 1123 3179; x_wconf 58' lang='lat' dir='ltr'>gDatum</span> <span class='ocrx_word' id='word_1_203' title='bbox 1150 3077 1222 3156; x_wconf 92' lang='lat' dir='ltr'>suit</span> <span class='ocrx_word' id='word_1_204' title='bbox 1243 3076 1443 3177; x_wconf 86' lang='lat' dir='ltr'>Episcopa-</span> 
     </span>
     <span class='ocr_line' id='line_1_28' title="bbox 93 3168 1441 3283; baseline 0.004 -36"><span class='ocrx_word' id='word_1_205' title='bbox 93 3168 128 3250; x_wconf 90' lang='lat' dir='ltr'>le</span> <span class='ocrx_word' id='word_1_206' title='bbox 155 3175 379 3256; x_wconf 88' lang='lat' dir='ltr'>mandatum</span> <span class='ocrx_word' id='word_1_207' title='bbox 406 3179 467 3258; x_wconf 86' lang='lat' dir='ltr'>die</span> <span class='ocrx_word' id='word_1_208' title='bbox 494 3203 582 3259; x_wconf 90' lang='lat' dir='ltr'><strong>xxx.</strong></span> <span class='ocrx_word' id='word_1_209' title='bbox 612 3180 838 3260; x_wconf 85' lang='lat' dir='ltr'>Decembris</span> <span class='ocrx_word' id='word_1_210' title='bbox 865 3207 967 3261; x_wconf 88' lang='lat' dir='ltr'>anno</span> <span class='ocrx_word' id='word_1_211' title='bbox 998 3189 1102 3283; x_wconf 84' lang='lat'><strong>1378.</strong></span> <span class='ocrx_word' id='word_1_212' title='bbox 1140 3203 1188 3258; x_wconf 89' lang='lat' dir='ltr'>ex</span> <span class='ocrx_word' id='word_1_213' title='bbox 1215 3204 1292 3278; x_wconf 94' lang='lat' dir='ltr'>quo</span> <span class='ocrx_word' id='word_1_214' title='bbox 1318 3175 1441 3276; x_wconf 89' lang='lat' dir='ltr'>argui·</span> 
     </span>
     <span class='ocr_line' id='line_1_29' title="bbox 97 3274 1447 3383; baseline 0.004 -35"><span class='ocrx_word' id='word_1_215' title='bbox 97 3289 186 3367; x_wconf 81' lang='lat' dir='ltr'>tur,</span> <span class='ocrx_word' id='word_1_216' title='bbox 212 3275 397 3375; x_wconf 90' lang='lat' dir='ltr'>Joannem</span> <span class='ocrx_word' id='word_1_217' title='bbox 425 3283 595 3361; x_wconf 90' lang='lat' dir='ltr'>nondum</span> <span class='ocrx_word' id='word_1_218' title='bbox 623 3302 713 3362; x_wconf 90' lang='lat' dir='ltr'>tuuc</span> <span class='ocrx_word' id='word_1_219' title='bbox 739 3284 787 3360; x_wconf 90' lang='lat' dir='ltr'>ab</span> <span class='ocrx_word' id='word_1_220' title='bbox 813 3283 1033 3362; x_wconf 88' lang='lat' dir='ltr'>obedientia</span> <span class='ocrx_word' id='word_1_221' title='bbox 1060 3280 1208 3360; x_wconf 89' lang='lat' dir='ltr'>Urbani</span> <span class='ocrx_word' id='word_1_222' title='bbox 1221 3281 1290 3357; x_wconf 90' lang='lat' dir='ltr'>Vl.</span> <span class='ocrx_word' id='word_1_223' title='bbox 1318 3274 1447 3383; x_wconf 82' lang='lat' dir='ltr'>(quod</span> 
     </span>
     <span class='ocr_line' id='line_1_30' title="bbox 93 3370 1445 3479; baseline 0.006 -31"><span class='ocrx_word' id='word_1_224' title='bbox 93 3370 219 3468; x_wconf 85' lang='lat' dir='ltr'>postea</span> <span class='ocrx_word' id='word_1_225' title='bbox 244 3377 333 3458; x_wconf 86' lang='lat' dir='ltr'>fecit</span> <span class='ocrx_word' id='word_1_226' title='bbox 360 3380 375 3478; x_wconf 90' lang='lat'><em>)</em></span> <span class='ocrx_word' id='word_1_227' title='bbox 402 3382 592 3462; x_wconf 85' lang='lat' dir='ltr'>defecisse.</span> <span class='ocrx_word' id='word_1_228' title='bbox 620 3384 681 3462; x_wconf 88' lang='lat' dir='ltr'>De</span> <span class='ocrx_word' id='word_1_229' title='bbox 709 3383 912 3464; x_wconf 72' lang='lat' dir='ltr'>interdisio</span> <span class='ocrx_word' id='word_1_230' title='bbox 939 3379 1370 3463; x_wconf 84' lang='lat' dir='ltr'>adversusFlorentinos</span> <span class='ocrx_word' id='word_1_231' title='bbox 1391 3380 1445 3479; x_wconf 77' lang='lat' dir='ltr'>ip</span> 
     </span>
     <span class='ocr_line' id='line_1_31' title="bbox 94 3469 1447 3654; baseline 0.003 -100"><span class='ocrx_word' id='word_1_232' title='bbox 94 3469 228 3654; x_wconf 62' lang='lat' dir='ltr'>iiquel</span> <span class='ocrx_word' id='word_1_233' title='bbox 250 3484 579 3565; x_wconf 86' lang='lat' dir='ltr'>communicantes</span> <span class='ocrx_word' id='word_1_234' title='bbox 624 3484 873 3586; x_wconf 83' lang='lat' dir='ltr'>pronuntiato</span> <span class='ocrx_word' id='word_1_235' title='bbox 908 3485 1081 3567; x_wconf 86' lang='lat' dir='ltr'>Cunsule</span> <span class='ocrx_word' id='word_1_236' title='bbox 1118 3484 1363 3583; x_wconf 86' lang='lat' dir='ltr'>Raynaldum</span> <span class='ocrx_word' id='word_1_237' title='bbox 1400 3481 1447 3558; x_wconf 90' lang='lat' dir='ltr'>in</span> 
     </span>
    </p>

    <p class='ocr_par' dir='ltr' id='par_1_5' title="bbox 138 3599 240 3653">
     <span class='ocr_line' id='line_1_32' title="bbox 138 3599 240 3653; baseline 0.02 -2"><span class='ocrx_word' id='word_1_238' title='bbox 138 3599 240 3653; x_wconf 90' lang='lat' dir='ltr'>nna.</span> 
     </span>
    </p>

    <p class='ocr_par' dir='ltr' id='par_1_6' title="bbox 143 3679 1187 3784">
     <span class='ocr_line' id='line_1_33' title="bbox 143 3679 1187 3784; baseline 0.01 -30"><span class='ocrx_word' id='word_1_239' title='bbox 143 3679 264 3757; x_wconf 90' lang='lat' dir='ltr'>Anno</span> <span class='ocrx_word' id='word_1_240' title='bbox 295 3691 400 3784; x_wconf 83' lang='lat'><em>1382.</em></span> <span class='ocrx_word' id='word_1_241' title='bbox 432 3715 461 3766; x_wconf 91' lang='lat'>1.</span> <span class='ocrx_word' id='word_1_242' title='bbox 490 3686 628 3767; x_wconf 89' lang='lat' dir='ltr'>Martii</span> <span class='ocrx_word' id='word_1_243' title='bbox 654 3689 887 3772; x_wconf 88' lang='lat' dir='ltr'>Hermolaus</span> <span class='ocrx_word' id='word_1_244' title='bbox 913 3689 961 3769; x_wconf 89' lang='lat' dir='ltr'>de</span> <span class='ocrx_word' id='word_1_245' title='bbox 987 3686 1187 3769; x_wconf 87' lang='lat' dir='ltr'>Venetiis.</span> 
     </span>
    </p>

    <p class='ocr_par' dir='ltr' id='par_1_7' title="bbox 143 3780 1140 3891">
     <span class='ocr_line' id='line_1_34' title="bbox 143 3780 1140 3891; baseline 0.009 -34"><span class='ocrx_word' id='word_1_246' title='bbox 143 3780 264 3861; x_wconf 87' lang='lat' dir='ltr'>Anno</span> <span class='ocrx_word' id='word_1_247' title='bbox 296 3795 399 3886; x_wconf 74' lang='lat'>1384„</span> <span class='ocrx_word' id='word_1_248' title='bbox 429 3817 463 3867; x_wconf 87' lang='lat'>2.</span> <span class='ocrx_word' id='word_1_249' title='bbox 491 3788 592 3868; x_wconf 86' lang='lat' dir='ltr'>Maii</span> <span class='ocrx_word' id='word_1_250' title='bbox 621 3792 792 3891; x_wconf 82' lang='lat' dir='ltr'>Angelus</span> <span class='ocrx_word' id='word_1_251' title='bbox 818 3793 864 3871; x_wconf 91' lang='lat' dir='ltr'>de</span> <span class='ocrx_word' id='word_1_252' title='bbox 892 3793 1140 3871; x_wconf 84' lang='lat' dir='ltr'>Rechaneto.</span> 
     </span>
    </p>

    <p class='ocr_par' dir='ltr' id='par_1_8' title="bbox 95 3880 1442 4075">
     <span class='ocr_line' id='line_1_35' title="bbox 141 3880 1442 4000; baseline 0 -37"><span class='ocrx_word' id='word_1_253' title='bbox 141 3880 265 4000; x_wconf 70' lang='lat' dir='ltr'>Auno</span> <span class='ocrx_word' id='word_1_254' title='bbox 297 3893 401 3988; x_wconf 79' lang='lat'>1385.</span> <span class='ocrx_word' id='word_1_255' title='bbox 429 3890 631 3971; x_wconf 87' lang='lat' dir='ltr'>Federicus</span> <span class='ocrx_word' id='word_1_256' title='bbox 657 3895 703 3972; x_wconf 87' lang='lat' dir='ltr'>de</span> <span class='ocrx_word' id='word_1_257' title='bbox 730 3893 922 3989; x_wconf 71' lang='lat' dir='ltr'>kenulfo,</span> <span class='ocrx_word' id='word_1_258' title='bbox 947 3893 1054 3991; x_wconf 74' lang='lat' dir='ltr'>cujus</span> <span class='ocrx_word' id='word_1_259' title='bbox 1080 3913 1225 3972; x_wconf 87' lang='lat' dir='ltr'>nomen</span> <span class='ocrx_word' id='word_1_260' title='bbox 1250 3912 1299 3972; x_wconf 83' lang='lat' dir='ltr'>ex</span> <span class='ocrx_word' id='word_1_261' title='bbox 1323 3884 1442 3967; x_wconf 65' lang='lat' dir='ltr'>Codio</span> 
     </span>
     <span class='ocr_line' id='line_1_36' title="bbox 95 3980 942 4075; baseline 0.019 -18"><span class='ocrx_word' id='word_1_262' title='bbox 95 3999 136 4059; x_wconf 83' lang='lat' dir='ltr'>ce</span> <span class='ocrx_word' id='word_1_263' title='bbox 162 3980 417 4069; x_wconf 73' lang='lat' dir='ltr'>Bibliotheca</span> <span class='ocrx_word' id='word_1_264' title='bbox 445 3992 689 4075; x_wconf 87' lang='lat' dir='ltr'>Taurinensis</span> <span class='ocrx_word' id='word_1_265' title='bbox 715 3993 942 4075; x_wconf 86' lang='lat' dir='ltr'>innotescit.</span> 
     </span>
    </p>

    <p class='ocr_par' dir='ltr' id='par_1_9' title="bbox 144 4085 1116 4198">
     <span class='ocr_line' id='line_1_37' title="bbox 144 4085 1116 4198; baseline 0.011 -36"><span class='ocrx_word' id='word_1_266' title='bbox 144 4085 263 4197; x_wconf 71' lang='lat' dir='ltr'>Anno</span> <span class='ocrx_word' id='word_1_267' title='bbox 294 4097 397 4190; x_wconf 84' lang='lat'>1386.</span> <span class='ocrx_word' id='word_1_268' title='bbox 430 4100 460 4171; x_wconf 82' lang='grc'>1.</span> <span class='ocrx_word' id='word_1_269' title='bbox 488 4093 666 4177; x_wconf 75' lang='lat' dir='ltr'>Obiobtis</span> <span class='ocrx_word' id='word_1_270' title='bbox 695 4095 893 4198; x_wconf 88' lang='lat' dir='ltr'>Philippus</span> <span class='ocrx_word' id='word_1_271' title='bbox 918 4100 1116 4178; x_wconf 78' lang='lat' dir='ltr'>Venetus.</span> 
     </span>
    </p>

    <p class='ocr_par' dir='ltr' id='par_1_10' title="bbox 100 4187 1552 4363">
     <span class='ocr_line' id='line_1_38' title="bbox 143 4187 1552 4303; baseline 0.001 -41"><span class='ocrx_word' id='word_1_272' title='bbox 143 4187 264 4267; x_wconf 90' lang='lat' dir='ltr'>Anno</span> <span class='ocrx_word' id='word_1_273' title='bbox 296 4198 398 4294; x_wconf 87' lang='lat'>1388.</span> <span class='ocrx_word' id='word_1_274' title='bbox 425 4197 633 4297; x_wconf 85' lang='lat' dir='ltr'>Gregorius</span> <span class='ocrx_word' id='word_1_275' title='bbox 658 4198 704 4278; x_wconf 90' lang='lat' dir='ltr'>de</span> <span class='ocrx_word' id='word_1_276' title='bbox 729 4199 911 4299; x_wconf 74' lang='lat' dir='ltr'>Cesena,</span> <span class='ocrx_word' id='word_1_277' title='bbox 936 4200 983 4280; x_wconf 86' lang='lat' dir='ltr'>de</span> <span class='ocrx_word' id='word_1_278' title='bbox 1008 4223 1086 4300; x_wconf 92' lang='lat' dir='ltr'>quo</span> <span class='ocrx_word' id='word_1_279' title='bbox 1111 4214 1203 4303; x_wconf 91' lang='lat' dir='ltr'>mox</span> <span class='ocrx_word' id='word_1_280' title='bbox 1229 4191 1277 4271; x_wconf 83' lang='lat' dir='ltr'>ad</span> <span class='ocrx_word' id='word_1_281' title='bbox 1301 4207 1451 4270; x_wconf 89' lang='lat' dir='ltr'>annum</span> <span class='ocrx_word' id='word_1_282' title='bbox 1547 4256 1552 4264; x_wconf 86' lang='lat'><strong>.</strong></span> 
     </span>
     <span class='ocr_line' id='line_1_39' title="bbox 100 4307 209 4363; baseline -0.018 0"><span class='ocrx_word' id='word_1_283' title='bbox 100 4307 118 4363; x_wconf 89' lang='lat'>1</span> <span class='ocrx_word' id='word_1_284' title='bbox 197 4338 209 4361; x_wconf 89' lang='lat'><strong>.</strong></span> 
     </span>
    </p>
   </div>
   <div class='ocr_carea' id='block_1_3' title="bbox 123 4310 1447 4596">
    <p class='ocr_par' dir='ltr' id='par_1_11' title="bbox 123 4310 1447 4596">
     <span class='ocr_line' id='line_1_40' title="bbox 123 4310 1447 4596; baseline 0.024 -128"><span class='ocrx_word' id='word_1_285' title='bbox 123 4310 268 4471; x_wconf 56' lang='lat' dir='ltr'>3{inno</span> <span class='ocrx_word' id='word_1_286' title='bbox 298 4421 403 4498; x_wconf 79' lang='lat'>1390.</span> <span class='ocrx_word' id='word_1_287' title='bbox 429 4399 621 4484; x_wconf 78' lang='lat' dir='ltr'>Antonius</span> <span class='ocrx_word' id='word_1_288' title='bbox 647 4402 695 4484; x_wconf 87' lang='lat' dir='ltr'>de</span> <span class='ocrx_word' id='word_1_289' title='bbox 719 4402 756 4483; x_wconf 88' lang='lat' dir='ltr'>S.</span> <span class='ocrx_word' id='word_1_290' title='bbox 778 4404 922 4505; x_wconf 86' lang='lat' dir='ltr'>Paulo,</span> <span class='ocrx_word' id='word_1_291' title='bbox 948 4401 1013 4485; x_wconf 87' lang='lat' dir='ltr'>cui</span> <span class='ocrx_word' id='word_1_292' title='bbox 1039 4400 1088 4482; x_wconf 75' lang='lat' dir='ltr'>ad</span> <span class='ocrx_word' id='word_1_293' title='bbox 1111 4395 1308 4503; x_wconf 66' lang='lat' dir='ltr'>egregium</span> <span class='ocrx_word' id='word_1_294' title='bbox 1329 4394 1447 4596; x_wconf 46' lang='lat' dir='ltr'>{lim</span> 
     </span>
    </p>
   </div>
   <div class='ocr_carea' id='block_1_4' title="bbox 0 0 1904 5335">
    <p class='ocr_par' dir='ltr' id='par_1_12' title="bbox 0 0 1904 5335">
     <span class='ocr_line' id='line_1_41' title="bbox 0 0 1904 5335; baseline 0 0"><span class='ocrx_word' id='word_1_295' title='bbox 0 0 1904 5335; x_wconf 95' lang='lat' dir='ltr'> </span> 
     </span>
    </p>
   </div>
  </div>
 </body>
</html>
